<?xml version="1.0" encoding="UTF-8"?>
<?xml-stylesheet type="text/xsl" href="https://www.revistas.usp.br/lib/pkp/xml/oai2.xsl" ?>
<OAI-PMH xmlns="http://www.openarchives.org/OAI/2.0/" xmlns:xsi="http://www.w3.org/2001/XMLSchema-instance" xsi:schemaLocation="http://www.openarchives.org/OAI/2.0/ http://www.openarchives.org/OAI/2.0/OAI-PMH.xsd">
<responseDate>2023-08-07T14:50:34Z</responseDate>
<request verb="ListRecords" metadataPrefix="marcxml" set="actafisiatrica">https://www.revistas.usp.br/actafisiatrica/oai</request>
<ListRecords>
<record>
<header>
<identifier>oai:revistas.usp.br:article/181801</identifier>
<datestamp>2021-10-15T17:11:18Z</datestamp>
<setSpec>actafisiatrica:Art.+Orig.</setSpec>
<setSpec>driver</setSpec>
</header>
<metadata>
<record xmlns="http://www.loc.gov/MARC21/slim" xmlns:xsi="http://www.w3.org/2001/XMLSchema-instance" xsi:schemaLocation="http://www.loc.gov/MARC21/slim http://www.loc.gov/standards/marcxml/schema/MARC21slim.xsd">
<leader>     nmb a2200000Iu 4500</leader>
<controlfield tag="008">"210630 2021                        eng  "</controlfield>
<datafield tag="022" ind1="#" ind2="#">
<subfield code="$a">2317-0190</subfield>
</datafield>
<datafield tag="022" ind1="#" ind2="#">
<subfield code="$a">0104-7795</subfield>
</datafield>
<datafield tag="042" ind1=" " ind2=" ">
<subfield code="a">dc</subfield>
</datafield>
<datafield tag="245" ind1="0" ind2="0">
<subfield code="a">Educação de pacientes com esclerodermia sistêmica: relato de cartilha</subfield>
</datafield>  <datafield tag="720" ind1="1" ind2=" ">
<subfield code="a">Chaves, Caio Carvalhais</subfield>
<subfield code="u">Universidade Federal de Minas Gerais - UFMG</subfield><subfield code="0">https://orcid.org/0000-0002-4319-228X</subfield></datafield>
<datafield tag="720" ind1="1" ind2=" ">
<subfield code="a">Marcelino, Ana Leticia Fontes de Oliveira </subfield>
<subfield code="u">Universidade Federal de Minas Gerais - UFMG</subfield><subfield code="0">https://orcid.org/0000-0001-9597-6601</subfield></datafield>
<datafield tag="720" ind1="1" ind2=" ">
<subfield code="a">Silva, Laura Cristine Carmo da</subfield>
<subfield code="u">Universidade Federal de Minas Gerais - UFMG</subfield><subfield code="0">https://orcid.org/0000-0002-6607-5457</subfield></datafield>
<datafield tag="720" ind1="1" ind2=" ">
<subfield code="a">Andrade, Júnia Amorim</subfield>
<subfield code="u">Universidade Federal de Minas Gerais - UFMG</subfield><subfield code="0">https://orcid.org/0000-0001-7714-5214</subfield></datafield>
<datafield tag="720" ind1="1" ind2=" ">
<subfield code="a">Santos, Flavia Patrícia Sena Teixeira </subfield>
<subfield code="u">Universidade Federal de Minas Gerais - UFMG</subfield><subfield code="0">https://orcid.org/0000-0002-0631-3708</subfield></datafield>
<datafield tag="720" ind1="1" ind2=" ">
<subfield code="a">Ferreira, Gilda Aparecida</subfield>
<subfield code="u">Universidade Federal de Minas Gerais - UFMG</subfield><subfield code="0">https://orcid.org/0000-0002-1352-7261</subfield></datafield>
<datafield tag="720" ind1="1" ind2=" ">
<subfield code="a">Calderaro, Débora Cerqueira</subfield>
<subfield code="u">Universidade Federal de Minas Gerais - UFMG</subfield><subfield code="0">https://orcid.org/0000-0001-5535-3223</subfield></datafield>
<datafield tag="520" ind1=" " ind2=" ">
<subfield code="a"> Objective: This study aims to describe the development and online distribution of a patient education booklet about systemic scleroderma focused on occupational therapy orientations. Methods: The research-action methodology was applied and divided into the following five steps: analysis of patients&#039; requests, preparation of the content, choice of illustrations and graphic design, developers&#039; approval of the education booklet, and online distribution. Results: The education booklet entitled &quot;Occupational Therapy Guidelines for People with Systemic Sclerosis&quot; was developed, and its online distribution reached nearly 5000 people. Conclusion: Educational materials serve as adjuncts to the treatment of chronic diseases, as systemic scleroderma. The online distribution of these materials expands its reach among these patients. </subfield>
</datafield>
<datafield tag="260" ind1=" " ind2=" ">
<subfield code="b">Faculdade de Medicina, Universidade de São Paulo</subfield>
</datafield>
<dataField tag="260" ind1=" " ind2=" ">
<subfield code="c">2021-06-30 00:00:00</subfield>
</dataField>   <datafield tag="856" ind1=" " ind2=" ">
<subfield code="q">application/pdf</subfield>
</datafield>
<datafield tag="856" ind1="4" ind2="0">
<subfield code="u">https://www.revistas.usp.br/actafisiatrica/article/view/181801</subfield>
</datafield>  <datafield tag="786" ind1="0" ind2=" ">
<subfield code="n">Acta Fisiátrica; v. 28 n. 2 (2021)</subfield>
</datafield>  <datafield tag="546" ind1=" " ind2=" ">
<subfield code="a">eng</subfield>
</datafield>   <datafield tag="540" ind1=" " ind2=" ">
<subfield code="a">Copyright (c) 2021 Acta Fisiátrica</subfield>
</datafield>
</record>
</metadata>
</record>