
<record>
<header>
<identifier>oai:revistas.usp.br:article/181882</identifier>
<datestamp>2022-09-27T14:54:06Z</datestamp>
<setSpec>actafisiatrica:Art.+Orig.</setSpec>
<setSpec>driver</setSpec>
</header>
<metadata>
<record xmlns="http://www.loc.gov/MARC21/slim" xmlns:xsi="http://www.w3.org/2001/XMLSchema-instance" xsi:schemaLocation="http://www.loc.gov/MARC21/slim http://www.loc.gov/standards/marcxml/schema/MARC21slim.xsd">
<leader>     nmb a2200000Iu 4500</leader>
<controlfield tag="008">"220628 2022                        eng  "</controlfield>
<datafield tag="022" ind1="#" ind2="#">
<subfield code="$a">2317-0190</subfield>
</datafield>
<datafield tag="022" ind1="#" ind2="#">
<subfield code="$a">0104-7795</subfield>
</datafield>
<datafield tag="042" ind1=" " ind2=" ">
<subfield code="a">dc</subfield>
</datafield>
<datafield tag="245" ind1="0" ind2="0">
<subfield code="a">Perfil dos profissionais de saúde de um hospital público e sua percepção acerca da atuação do fisioterapeuta no enfrentamento da COVID-19</subfield>
</datafield>  <datafield tag="720" ind1="1" ind2=" ">
<subfield code="a">Menezes, Georgia Silva</subfield>
<subfield code="u">Secretária de Saúde do Estado de Goiás. Hospital Estadual Geral de Goiânia</subfield><subfield code="0">https://orcid.org/0000-0001-9521-5634</subfield></datafield>
<datafield tag="720" ind1="1" ind2=" ">
<subfield code="a">Costa, Sávylla Sklabrynne Silva</subfield>
<subfield code="u">Secretária de Saúde do Estado de Goiás. Hospital Estadual Geral de Goiânia</subfield><subfield code="0">https://orcid.org/0000-0003-4541-6395</subfield></datafield>
<datafield tag="720" ind1="1" ind2=" ">
<subfield code="a"> Azevedo, Gustavo Silva de</subfield>
<subfield code="u">Secretária de Saúde do Estado de Goiás. Hospital Estadual Geral de Goiânia</subfield><subfield code="0">https://orcid.org/0000-0003-1788-3586</subfield></datafield>
<datafield tag="520" ind1=" " ind2=" ">
<subfield code="a"> A pandemia atual pelo COVID-19 é um marco na história da saúde mundial recente. O conhecimento da atuação do fisioterapeuta por outros profissionais de saúde torna acessível a assistência em saúde pela equipe. Objetivo: Descrever o perfil e analisar a percepção dos profissionais de saúde de um hospital público acerca da atuação do fisioterapeuta no enfrentamento do COVID-19. Método: Trata-se de estudo epidemiológico, descritivo, transversal. O estudo teve aprovação do CEP pelo parecer 4078528/2020 e todos os participantes apresentaram aceite no TCLE. Os voluntários responderam ficha pré-estruturada, contendo indagações sobre práticas comuns ao fisioterapeuta na área hospitalar. Resultados: Participaram 30 profissionais, com idade média de 36,83 anos, sendo 86,7% do sexo feminino. A atuação da fisioterapia foi considerada importante no enfrentamento da COVID-19 (100%), apesar dos diferentes locais de atuação dos entrevistados, diferentes profissões de saúde e nível de escolaridade dos participantes. Em destaque a reabilitação motora (100%) e respiratória (100%) foi vista como uma contribuição da fisioterapia em pacientes acometidos pelo coronavírus. Procedimentos como a implementação da oxigenoterapia (96,7%), ventilação mecânica não invasiva (80%), ajuste de parâmetros da ventilação mecânica (100%) e extubação (70%), foram considerados majoritariamente como das atribuições da fisioterapia. Foram descritos também os procedimentos compartilhados pela equipe multiprofissional, como a implementação de oxigenoterapia (80%), ajuste de parâmetros ventilatórios (86,7%) e aspiração de via aérea e via aérea artificial (90%). Conclusão: O fisioterapeuta tem papel importante no enfrentamento do COVID-19, associado a equipe multiprofissional, em especial na reabilitação cardiorrespiratória e musculoesquelética dos pacientes afetados pelo coronavírus. </subfield>
</datafield>
<datafield tag="260" ind1=" " ind2=" ">
<subfield code="b">Faculdade de Medicina, Universidade de São Paulo</subfield>
</datafield>
<dataField tag="260" ind1=" " ind2=" ">
<subfield code="c">2022-06-28 14:49:26</subfield>
</dataField>   <datafield tag="856" ind1=" " ind2=" ">
<subfield code="q">application/pdf</subfield>
</datafield>
<datafield tag="856" ind1=" " ind2=" ">
<subfield code="q">application/pdf</subfield>
</datafield>
<datafield tag="856" ind1="4" ind2="0">
<subfield code="u">https://www.revistas.usp.br/actafisiatrica/article/view/181882</subfield>
</datafield>  <datafield tag="786" ind1="0" ind2=" ">
<subfield code="n">Acta Fisiátrica; v. 29 n. 2 (2022)</subfield>
</datafield>  <datafield tag="546" ind1=" " ind2=" ">
<subfield code="a">por</subfield>
</datafield>   <datafield tag="540" ind1=" " ind2=" ">
<subfield code="a">Copyright (c) 2022 Acta Fisiátrica</subfield>
</datafield>
</record>
</metadata>
</record>