
<record>
<header>
<identifier>oai:revistas.usp.br:article/181986</identifier>
<datestamp>2021-07-23T18:11:16Z</datestamp>
<setSpec>actafisiatrica:Art.+Orig.</setSpec>
<setSpec>driver</setSpec>
</header>
<metadata>
<record xmlns="http://www.loc.gov/MARC21/slim" xmlns:xsi="http://www.w3.org/2001/XMLSchema-instance" xsi:schemaLocation="http://www.loc.gov/MARC21/slim http://www.loc.gov/standards/marcxml/schema/MARC21slim.xsd">
<leader>     nmb a2200000Iu 4500</leader>
<controlfield tag="008">"210331 2021                        eng  "</controlfield>
<datafield tag="022" ind1="#" ind2="#">
<subfield code="$a">2317-0190</subfield>
</datafield>
<datafield tag="022" ind1="#" ind2="#">
<subfield code="$a">0104-7795</subfield>
</datafield>
<datafield tag="042" ind1=" " ind2=" ">
<subfield code="a">dc</subfield>
</datafield>
<datafield tag="245" ind1="0" ind2="0">
<subfield code="a">Fatores associados ao uso clínico da Classificação Internacional de Funcionalidade, Incapacidade e Saúde por fisioterapeutas: estudo survey exploratório</subfield>
</datafield>  <datafield tag="720" ind1="1" ind2=" ">
<subfield code="a">Dias, Fernanda Moura Vargas</subfield>
<subfield code="u">Universidade Federal do Espírito Santo - UFES</subfield><subfield code="0">https://orcid.org/0000-0003-4268-4909</subfield></datafield>
<datafield tag="720" ind1="1" ind2=" ">
<subfield code="a">Albuquerque, Bruna Emanoela Moraes de Souza</subfield>
<subfield code="u">Universidade Federal do Espírito Santo - UFES</subfield><subfield code="0">https://orcid.org/0000-0001-6807-4725</subfield></datafield>
<datafield tag="720" ind1="1" ind2=" ">
<subfield code="a">Leopoldino, Amanda Aparecida Oliveira</subfield>
<subfield code="u">Faculdade Ciências Médicas de Minas Gerais - FCMMG</subfield><subfield code="0">https://orcid.org/0000-0002-3958-7107</subfield></datafield>
<datafield tag="720" ind1="1" ind2=" ">
<subfield code="a">Gabler, Fernando Rodrigues</subfield>
<subfield code="u">Universidade Federal do Espírito Santo – UFES</subfield><subfield code="0">https://orcid.org/0000-0001-9314-4254</subfield></datafield>
<datafield tag="720" ind1="1" ind2=" ">
<subfield code="a">Nascimento, Lucas Rodrigues </subfield>
<subfield code="u">Universidade Federal do Espírito Santo - UFES</subfield><subfield code="0">https://orcid.org/0000-0002-6792-0819</subfield></datafield>
<datafield tag="520" ind1=" " ind2=" ">
<subfield code="a"> Objetivo: Identificar os fatores contextuais (i.e., fatores pessoais e fatores relacionados ao trabalho) associados ao uso clínico da Classificação Internacional de Funcionalidade, Incapacidade e Saúde (CIF) por fisioterapeutas. Métodos: Foi realizado um estudo exploratório do tipo survey. O questionário Barreiras pessoais e ambientais para implementação da CIF por fisioterapeutas” foi enviado aos fisioterapeutas do Espírito Santo, Brasil. Análise de regressão logística foi usada para explorar associações entre características pessoais e organizacionais com educação, atitudes, crenças, interesses, percepção de suporte e disponibilidade de recursos no ambiente de trabalho para uso da CIF na prática clínica.  Resultados: A taxa de resposta para a maioria das análises foi 46% (n= 59). Seis características explicaram 35% da variação associada a interesses, atitudes e crenças para o uso da CIF (X²= 16.6, p= 0.01). Três características explicaram 24% da variação associada à educação para o uso da CIF (X²= 8.9, p= 0.03). Três características explicaram 61% da variação associada à percepção de suporte e disponibilidade de recursos para o uso da CIF (X²= 30.5, p&lt;0.01). A barreira mais citada foi dificuldade ao aplicar a CIF para avaliar pacientes (62%). Conclusão: Os fisioterapeutas possuem atitudes positivas em relação ao uso da CIF, mas a grande maioria não recebeu formação acadêmica adequada e reporta autoeficácia insuficiente para seu uso na prática clínica. É necessária a adoção de uma infraestrutura organizacional que endosse o uso clínico da CIF alinhada à modificação nos currículos de formação e capacitação continuada. </subfield>
</datafield>
<datafield tag="260" ind1=" " ind2=" ">
<subfield code="b">Faculdade de Medicina, Universidade de São Paulo</subfield>
</datafield>
<dataField tag="260" ind1=" " ind2=" ">
<subfield code="c">2021-03-31 00:00:00</subfield>
</dataField>   <datafield tag="856" ind1=" " ind2=" ">
<subfield code="q">application/pdf</subfield>
</datafield>
<datafield tag="856" ind1="4" ind2="0">
<subfield code="u">https://www.revistas.usp.br/actafisiatrica/article/view/181986</subfield>
</datafield>  <datafield tag="786" ind1="0" ind2=" ">
<subfield code="n">Acta Fisiátrica; v. 28 n. 1 (2021)</subfield>
</datafield>  <datafield tag="546" ind1=" " ind2=" ">
<subfield code="a">por</subfield>
</datafield>   <datafield tag="540" ind1=" " ind2=" ">
<subfield code="a">Copyright (c) 2021 Acta Fisiátrica</subfield>
</datafield>
</record>
</metadata>
</record>