
<record>
<header>
<identifier>oai:revistas.usp.br:article/182017</identifier>
<datestamp>2021-07-23T18:11:16Z</datestamp>
<setSpec>actafisiatrica:Art.+Orig.</setSpec>
<setSpec>driver</setSpec>
</header>
<metadata>
<record xmlns="http://www.loc.gov/MARC21/slim" xmlns:xsi="http://www.w3.org/2001/XMLSchema-instance" xsi:schemaLocation="http://www.loc.gov/MARC21/slim http://www.loc.gov/standards/marcxml/schema/MARC21slim.xsd">
<leader>     nmb a2200000Iu 4500</leader>
<controlfield tag="008">"210331 2021                        eng  "</controlfield>
<datafield tag="022" ind1="#" ind2="#">
<subfield code="$a">2317-0190</subfield>
</datafield>
<datafield tag="022" ind1="#" ind2="#">
<subfield code="$a">0104-7795</subfield>
</datafield>
<datafield tag="042" ind1=" " ind2=" ">
<subfield code="a">dc</subfield>
</datafield>
<datafield tag="245" ind1="0" ind2="0">
<subfield code="a">Análise da postura, mobilidade e força da coluna vertebral em indivíduos saudáveis com e sem discinese escapular</subfield>
</datafield>  <datafield tag="720" ind1="1" ind2=" ">
<subfield code="a">Nascimento, Ruthe de Góes  Xavier do </subfield>
<subfield code="u">Universidade Federal do Rio Grande do Norte - UFRN</subfield><subfield code="0">https://orcid.org/0000-0003-4967-9168</subfield></datafield>
<datafield tag="720" ind1="1" ind2=" ">
<subfield code="a">Maciel, Nícia Farias Braga</subfield>
<subfield code="u">Universidade Federal do Rio Grande do Norte - UFRN</subfield><subfield code="0">https://orcid.org/0000-0002-3884-7704</subfield></datafield>
<datafield tag="720" ind1="1" ind2=" ">
<subfield code="a">Souza, Liziane Mafra Vale de </subfield>
<subfield code="u">Universidade Federal do Rio Grande do Norte - UFRN</subfield><subfield code="0">https://orcid.org/0000-0002-7812-7234</subfield></datafield>
<datafield tag="720" ind1="1" ind2=" ">
<subfield code="a">Lima, Thaís Brazão Siqueira de </subfield>
<subfield code="u">Universidade Federal do Rio Grande do Norte - UFRN</subfield><subfield code="0">https://orcid.org/0000-0003-0634-4536</subfield></datafield>
<datafield tag="720" ind1="1" ind2=" ">
<subfield code="a">Andrade, Sandra Cristina de  </subfield>
<subfield code="u">Universidade Federal do Rio Grande do Norte - UFRN</subfield><subfield code="0">https://orcid.org/0000-0002-3275-1031</subfield></datafield>
<datafield tag="720" ind1="1" ind2=" ">
<subfield code="a">Sousa, Catarina de Oliveira</subfield>
<subfield code="u">Universidade Federal do Rio Grande do Norte - UFRN</subfield><subfield code="0">https://orcid.org/0000-0002-2818-3596</subfield></datafield>
<datafield tag="520" ind1=" " ind2=" ">
<subfield code="a"> Spine posture, mobility and strength can be associated with changes in scapular movement and shoulder pain. However, these aspects have not been assessed in healthy individuals with scapular dyskinesis without shoulder and/or back pain. Objective: To analyze spine posture, mobility and strength in healthy individuals with and without scapular dyskinesis. Method: Cross-sectional study, fifty-two college-aged individuals were divided into two groups, according to scapular dyskinesis testing: a group without scapular dyskinesis (n= 19; age= 22.95±2.86 years; BMI= 22.97±3.12 kg/m²; 10 males) and another with scapular dyskinesis (n= 33; age= 22.06±2.73 years; BMI= 22.14±3.22 kg/m²; 10 males). Posture of the head and shoulders was analyzed from photographs by a postural assessment software (PAS/SAPO). Thoracic kyphosis and range of motion of the cervical and thoracolumbar spine were measured by a digital inclinometer, and the strength of the cervical and thoracolumbar spine muscles by a hand-held dynamometer. Intergroup comparison for all the variables was conducted using analysis of variance (one-way ANOVA), considering p≤0.05 as significant. Results: No intergroup difference was found for spine posture (p= 0.18-0.99), mobility (p= 0.23-0.96) and strength (p= 0.42-0.99). Conclusion: Spine posture, mobility and strength do not differ between healthy individuals with and without scapular dyskinesis. The outcomes suggest that scapular dyskinesis may be related to interpersonal variations. Future prospective studies be conducted in order to verify if these variables can change and influence the development of shoulder pain.     </subfield>
</datafield>
<datafield tag="260" ind1=" " ind2=" ">
<subfield code="b">Faculdade de Medicina, Universidade de São Paulo</subfield>
</datafield>
<dataField tag="260" ind1=" " ind2=" ">
<subfield code="c">2021-03-31 00:00:00</subfield>
</dataField>   <datafield tag="856" ind1=" " ind2=" ">
<subfield code="q">application/pdf</subfield>
</datafield>
<datafield tag="856" ind1="4" ind2="0">
<subfield code="u">https://www.revistas.usp.br/actafisiatrica/article/view/182017</subfield>
</datafield>  <datafield tag="786" ind1="0" ind2=" ">
<subfield code="n">Acta Fisiátrica; v. 28 n. 1 (2021)</subfield>
</datafield>  <datafield tag="546" ind1=" " ind2=" ">
<subfield code="a">eng</subfield>
</datafield>   <datafield tag="540" ind1=" " ind2=" ">
<subfield code="a">Copyright (c) 2021 Acta Fisiátrica</subfield>
</datafield>
</record>
</metadata>
</record>