
<record>
<header>
<identifier>oai:revistas.usp.br:article/182437</identifier>
<datestamp>2021-10-15T17:11:18Z</datestamp>
<setSpec>actafisiatrica:Art.+Orig.</setSpec>
<setSpec>driver</setSpec>
</header>
<metadata>
<record xmlns="http://www.loc.gov/MARC21/slim" xmlns:xsi="http://www.w3.org/2001/XMLSchema-instance" xsi:schemaLocation="http://www.loc.gov/MARC21/slim http://www.loc.gov/standards/marcxml/schema/MARC21slim.xsd">
<leader>     nmb a2200000Iu 4500</leader>
<controlfield tag="008">"210630 2021                        eng  "</controlfield>
<datafield tag="022" ind1="#" ind2="#">
<subfield code="$a">2317-0190</subfield>
</datafield>
<datafield tag="022" ind1="#" ind2="#">
<subfield code="$a">0104-7795</subfield>
</datafield>
<datafield tag="042" ind1=" " ind2=" ">
<subfield code="a">dc</subfield>
</datafield>
<datafield tag="245" ind1="0" ind2="0">
<subfield code="a">Treinamento com realidade virtual não imersiva é efetivo na melhora da funcionalidade de idosos institucionalizados e uma opção de atividade física segura nos momentos de restrição: um estudo piloto</subfield>
</datafield>  <datafield tag="720" ind1="1" ind2=" ">
<subfield code="a">Lopes, Diene Gomes Colvara</subfield>
<subfield code="u">Pontifícia Universidade Católica do Rio Grande do Sul - PUCRS</subfield><subfield code="0">https://orcid.org/0000-0002-6864-1328</subfield></datafield>
<datafield tag="720" ind1="1" ind2=" ">
<subfield code="a">Myskiw, Jociane de Carvalho</subfield>
<subfield code="u">Pontifícia Universidade Católica do Rio Grande do Sul - PUCRS</subfield><subfield code="0">https://orcid.org/0000-0001-8731-5117</subfield></datafield>
<datafield tag="720" ind1="1" ind2=" ">
<subfield code="a">Bós, Ângelo José Gonçalves</subfield>
<subfield code="u">Pontifícia Universidade Católica do Rio Grande do Sul - PUCRS</subfield><subfield code="0">https://orcid.org/0000-0003-4901-3155</subfield></datafield>
<datafield tag="720" ind1="1" ind2=" ">
<subfield code="a">Oliveira, Vanice Hohemberge de</subfield>
<subfield code="u">Pontifícia Universidade Católica do Rio Grande do Sul - PUCRS</subfield></datafield>
<datafield tag="720" ind1="1" ind2=" ">
<subfield code="a">Perpétuo, Marcelo</subfield>
<subfield code="u">Pontifícia Universidade Católica do Rio Grande do Sul - PUCRS</subfield><subfield code="0">https://orcid.org/0000-0001-9289-1063</subfield></datafield>
<datafield tag="720" ind1="1" ind2=" ">
<subfield code="a">Souza, Patrícia</subfield>
<subfield code="u">Pontifícia Universidade Católica do Rio Grande do Sul - PUCRS</subfield></datafield>
<datafield tag="520" ind1=" " ind2=" ">
<subfield code="a"> O envelhecimento é um processo dinâmico e progressivo que proporciona a diminuição gradual da capacidade funcional, aumentando a dependência dos idosos e culminando, muitas vezes, na sua institucionalização. Neste contexto, a Realidade Virtual Não Imersiva (RVNI) vem se mostrando uma ferramenta segura e efetiva para estimular a funcionalidade em idosos, inclusive diante da situação de distanciamento social que vivemos atualmente. Objetivo: Avaliar, preliminarmente, o efeito do treinamento com jogos de RVNI sobre a funcionalidade de idosos institucionalizados. Método: Estudo intervencional randomizado, com amostra composta por 17 idosos de quaisquer gêneros (idade 87 anos ±5,4 anos), residentes em uma instituição de Porto Alegre, divididos em dois grupos: Grupo Treinamento (GT) e Grupo Controle (GC). Foram avaliadas a escala de independência funcional (MIF) e a circunferência da panturrilha e do braço, bem como foram realizados o teste de Força de Preensão Palmar (FPP) e o Timed Get Up and Go (TUG). O protocolo de intervenção teve duração de 8 semanas, com duas sessões semanais de 30 minutos. Resultados: Os grupos demostraram ser homogêneos em relação ao gênero e idade. O GT apresentou melhora significante em 4 das 5 variáveis analisadas, já o GC apenas no teste de FPP.  O GT no FPP apresentou uma diferença estatisticamente significativa de 21,1 ± 12,60 kg para 23,8 ± 13,51 kg (p&lt;0,003). Conclusão: O presente estudo sugere que o treinamento com RVNI é efetivo na melhora da funcionalidade de idosos institucionalizados e pode ser uma opção de intervenção física segura, especialmente em momentos de restrição. </subfield>
</datafield>
<datafield tag="260" ind1=" " ind2=" ">
<subfield code="b">Faculdade de Medicina, Universidade de São Paulo</subfield>
</datafield>
<dataField tag="260" ind1=" " ind2=" ">
<subfield code="c">2021-06-30 00:00:00</subfield>
</dataField>   <datafield tag="856" ind1=" " ind2=" ">
<subfield code="q">application/pdf</subfield>
</datafield>
<datafield tag="856" ind1="4" ind2="0">
<subfield code="u">https://www.revistas.usp.br/actafisiatrica/article/view/182437</subfield>
</datafield>  <datafield tag="786" ind1="0" ind2=" ">
<subfield code="n">Acta Fisiátrica; v. 28 n. 2 (2021)</subfield>
</datafield>  <datafield tag="546" ind1=" " ind2=" ">
<subfield code="a">por</subfield>
</datafield>   <datafield tag="540" ind1=" " ind2=" ">
<subfield code="a">Copyright (c) 2021 Acta Fisiátrica</subfield>
</datafield>
</record>
</metadata>
</record>