
<record>
<header>
<identifier>oai:revistas.usp.br:article/182604</identifier>
<datestamp>2022-11-30T19:50:56Z</datestamp>
<setSpec>actafisiatrica:Art.+Orig.</setSpec>
<setSpec>driver</setSpec>
</header>
<metadata>
<record xmlns="http://www.loc.gov/MARC21/slim" xmlns:xsi="http://www.w3.org/2001/XMLSchema-instance" xsi:schemaLocation="http://www.loc.gov/MARC21/slim http://www.loc.gov/standards/marcxml/schema/MARC21slim.xsd">
<leader>     nmb a2200000Iu 4500</leader>
<controlfield tag="008">"220927 2022                        eng  "</controlfield>
<datafield tag="022" ind1="#" ind2="#">
<subfield code="$a">2317-0190</subfield>
</datafield>
<datafield tag="022" ind1="#" ind2="#">
<subfield code="$a">0104-7795</subfield>
</datafield>
<datafield tag="042" ind1=" " ind2=" ">
<subfield code="a">dc</subfield>
</datafield>
<datafield tag="245" ind1="0" ind2="0">
<subfield code="a">Reprodutibilidade do teste de 10 repetições máximas em idosas</subfield>
</datafield>  <datafield tag="720" ind1="1" ind2=" ">
<subfield code="a">Vieira, Elciana de Paiva Lima</subfield>
<subfield code="u">Universidade Federal Fluminense</subfield></datafield>
<datafield tag="720" ind1="1" ind2=" ">
<subfield code="a">Deserto, Abílio Douglas Valadares</subfield>
<subfield code="u">Universidade Salgado de Oliveira</subfield><subfield code="0">https://orcid.org/0000-0003-2615-190X</subfield></datafield>
<datafield tag="720" ind1="1" ind2=" ">
<subfield code="a">Alves Júnior, Edmundo Drummond</subfield>
<subfield code="u">Universidade Federal Fluminense</subfield><subfield code="0">https://orcid.org/0000-0003-1664-1542</subfield></datafield>
<datafield tag="720" ind1="1" ind2=" ">
<subfield code="a">Gurgel, Jonas Lírio</subfield>
<subfield code="u">Universidade Federal Fluminense</subfield><subfield code="0">https://orcid.org/0000-0002-9355-7793</subfield></datafield>
<datafield tag="520" ind1=" " ind2=" ">
<subfield code="a"> Pouco se sabe sobre o número de sessões necessárias para estabilização da carga máxima em 10 repetições em idosos não treinados. Objetivo: Verificar a reprodutibilidade do teste de 10 RM em mulheres com mais de 60 anos que não apresentam experiência prévia com treinamento de força. Método: Vinte e duas idosas (67,73 ± 5,43 anos) participantes somente da ginástica do programa Prev Quedas realizaram as sessões de teste-reteste de 10 RM em quatro exercícios: cadeira extensora, tríceps no pulley, mesa flexora e rosca direta bíceps. O programa Prev Quedas é um programa de extensão que oferece atividades físicas ao público de todas as idades de forma gratuita visando contribuir para prevenção de quedas. Foram utilizados os testes de ANOVA unidirecional com post hoc de Bonferroni, plotagem de Bland-Altman e Coeficiente de Correlação Intraclasse (CCI) com intervalo de confiança de 95%. Resultados: Os níveis de reprodutibilidade foram excelentes em todos os exercícios variando de 0,83 a 0,95 não havendo diferença significativa entre as sessões. A concordância entre as sessões teste-reteste foi classificada como boa para todos os exercícios. A literatura apresenta uma carência com relação à reprodutibilidade dos testes de 10 RM, principalmente para idosos. Porém, os dados de reprodutibilidade do presente estudo concordam com aqueles referentes aos testes de 1 RM aplicados em adultos jovens. Conclusão: Com base nos achados apresentados, parece haver necessidade da realização de 2 sessões de avaliação para estabilização da carga em 10 repetições máximas para idosas não treinadas. </subfield>
</datafield>
<datafield tag="260" ind1=" " ind2=" ">
<subfield code="b">Faculdade de Medicina, Universidade de São Paulo</subfield>
</datafield>
<dataField tag="260" ind1=" " ind2=" ">
<subfield code="c">2022-09-27 11:51:32</subfield>
</dataField>   <datafield tag="856" ind1=" " ind2=" ">
<subfield code="q">application/pdf</subfield>
</datafield>
<datafield tag="856" ind1="4" ind2="0">
<subfield code="u">https://www.revistas.usp.br/actafisiatrica/article/view/182604</subfield>
</datafield>  <datafield tag="786" ind1="0" ind2=" ">
<subfield code="n">Acta Fisiátrica; v. 29 n. 3 (2022)</subfield>
</datafield>  <datafield tag="546" ind1=" " ind2=" ">
<subfield code="a">por</subfield>
</datafield>   <datafield tag="540" ind1=" " ind2=" ">
<subfield code="a">Copyright (c) 2022 Acta Fisiátrica</subfield>
</datafield>
</record>
</metadata>
</record>