
<record>
<header>
<identifier>oai:revistas.usp.br:article/182740</identifier>
<datestamp>2022-02-01T13:27:52Z</datestamp>
<setSpec>actafisiatrica:Rel.+Caso</setSpec>
<setSpec>driver</setSpec>
</header>
<metadata>
<record xmlns="http://www.loc.gov/MARC21/slim" xmlns:xsi="http://www.w3.org/2001/XMLSchema-instance" xsi:schemaLocation="http://www.loc.gov/MARC21/slim http://www.loc.gov/standards/marcxml/schema/MARC21slim.xsd">
<leader>     nmb a2200000Iu 4500</leader>
<controlfield tag="008">"210930 2021                        eng  "</controlfield>
<datafield tag="022" ind1="#" ind2="#">
<subfield code="$a">2317-0190</subfield>
</datafield>
<datafield tag="022" ind1="#" ind2="#">
<subfield code="$a">0104-7795</subfield>
</datafield>
<datafield tag="042" ind1=" " ind2=" ">
<subfield code="a">dc</subfield>
</datafield>
<datafield tag="245" ind1="0" ind2="0">
<subfield code="a">Efeitos do treino aeróbico aquático sobre a cognição de um indivíduo após traumatismo crânio encefálico: estudo de caso</subfield>
</datafield>  <datafield tag="720" ind1="1" ind2=" ">
<subfield code="a">Castro, Caio Roberto Aparecido Paschoal</subfield>
<subfield code="u">Associação de Assistência à Criança Deficiente - AACD</subfield><subfield code="0">https://orcid.org/0000-0002-4977-1821</subfield></datafield>
<datafield tag="720" ind1="1" ind2=" ">
<subfield code="a">Sousa, Cristiane Dias dos Anjos de</subfield>
<subfield code="u">Associação de Assistência à Criança Deficiente - AACD</subfield><subfield code="0">https://orcid.org/0000-0002-1793-7073</subfield></datafield>
<datafield tag="720" ind1="1" ind2=" ">
<subfield code="a">Poletti, Andreia</subfield>
<subfield code="u">Associação de Assistência à Criança Deficiente - AACD</subfield><subfield code="0">https://orcid.org/0000-0001-6262-1660</subfield></datafield>
<datafield tag="720" ind1="1" ind2=" ">
<subfield code="a">Shimano, Suraya Gomes Novais</subfield>
<subfield code="u">Universidade Federal do Triângulo Mineiro - UFTM</subfield><subfield code="0">https://orcid.org/0000-0002-9421-9227</subfield></datafield>
<datafield tag="720" ind1="1" ind2=" ">
<subfield code="a">Braga, Douglas Martins </subfield>
<subfield code="u">Associação de Assistência à Criança Deficiente - AACD</subfield><subfield code="0">https://orcid.org/0000-0001-7293-6754</subfield></datafield>
<datafield tag="520" ind1=" " ind2=" ">
<subfield code="a"> Objetivo: Verificar a interferência do exercício aeróbico realizado no ambiente aquático na cognição de um indivíduo com Traumatismo Crânio Encefálico (TCE). Método: Trata-se de um estudo de caso experimental realizado no Setor de Fisioterapia Aquática da AACD, após a aprovação pelo CEP da instituição. Participou do estudo um indivíduo do sexo masculino, de 31 anos, que sofreu um TCE há quase de 12 meses da data da avaliação. Na anamnese, o indivíduo não relatou hidrofobia e, ao exame físico, o indivíduo não apresentou dor ou disfunções que comprometessem a realização dos exercícios do protocolo. Comprometeu-se a não realizar outra atividade física durante a realização do estudo. Foi submetido à avaliação neuropsicológica detalhada antes e após a intervenção de um protocolo de treino aeróbico aquático. O protocolo foi constituído de 12 sessões de 45 minutos, uma vez por semana, de treino aeróbico em uma bicicleta subaquática com acompanhamento de um fisioterapeuta. A temperatura da água foi de 33°C e imersão ao nível do processo xifóide. O monitoramento da intensidade do treino foi realizado através da frequência cardíaca (FC) e a FC alvo foi estipulada pela fórmula de Karvonenn. Resultados:  O participante melhorou a pontuação nos testes de funções intelectuais, processos atencionais e velocidade de processamento de informações, habilidades viso espaciais, linguagem, raciocínio lógico, cálculo mental, raciocínio abstrato. Conclusão: O exercício aeróbico aquático interferiu positivamente nas funções cognitivas de um indivíduo com sequelas de um TCE. </subfield>
</datafield>
<datafield tag="260" ind1=" " ind2=" ">
<subfield code="b">Faculdade de Medicina, Universidade de São Paulo</subfield>
</datafield>
<dataField tag="260" ind1=" " ind2=" ">
<subfield code="c">2021-09-30 00:00:00</subfield>
</dataField>   <datafield tag="856" ind1=" " ind2=" ">
<subfield code="q">application/pdf</subfield>
</datafield>
<datafield tag="856" ind1="4" ind2="0">
<subfield code="u">https://www.revistas.usp.br/actafisiatrica/article/view/182740</subfield>
</datafield>  <datafield tag="786" ind1="0" ind2=" ">
<subfield code="n">Acta Fisiátrica; v. 28 n. 3 (2021)</subfield>
</datafield>  <datafield tag="546" ind1=" " ind2=" ">
<subfield code="a">por</subfield>
</datafield>   <datafield tag="540" ind1=" " ind2=" ">
<subfield code="a">Copyright (c) 2021 Acta Fisiátrica</subfield>
</datafield>
</record>
</metadata>
</record>