
<record>
<header>
<identifier>oai:revistas.usp.br:article/183118</identifier>
<datestamp>2021-10-15T17:11:18Z</datestamp>
<setSpec>actafisiatrica:Art.+Orig.</setSpec>
<setSpec>driver</setSpec>
</header>
<metadata>
<record xmlns="http://www.loc.gov/MARC21/slim" xmlns:xsi="http://www.w3.org/2001/XMLSchema-instance" xsi:schemaLocation="http://www.loc.gov/MARC21/slim http://www.loc.gov/standards/marcxml/schema/MARC21slim.xsd">
<leader>     nmb a2200000Iu 4500</leader>
<controlfield tag="008">"210630 2021                        eng  "</controlfield>
<datafield tag="022" ind1="#" ind2="#">
<subfield code="$a">2317-0190</subfield>
</datafield>
<datafield tag="022" ind1="#" ind2="#">
<subfield code="$a">0104-7795</subfield>
</datafield>
<datafield tag="042" ind1=" " ind2=" ">
<subfield code="a">dc</subfield>
</datafield>
<datafield tag="245" ind1="0" ind2="0">
<subfield code="a">Avaliação da diferença na força muscular periférica entre admissão e alta em idosos hospitalizados</subfield>
</datafield>  <datafield tag="720" ind1="1" ind2=" ">
<subfield code="a">Silva Junior, Mario Cezar Macedo </subfield>
<subfield code="u">Universidade do Estado da Bahia - UNEB</subfield><subfield code="0">https://orcid.org/0000-0003-4220-1313</subfield></datafield>
<datafield tag="720" ind1="1" ind2=" ">
<subfield code="a">Santos, Marilucia Reis dos</subfield>
<subfield code="u">Hospital Geral Roberto Santos - HGRS</subfield><subfield code="0">http://lattes.cnpq.br/5479905084356467</subfield><subfield code="0">https://orcid.org/0000-0002-3220-883X</subfield></datafield>
<datafield tag="720" ind1="1" ind2=" ">
<subfield code="a"> Jesus, Sergio Luis Figueredo de </subfield>
<subfield code="u">Universidade do Estado da Bahia - UNEB</subfield><subfield code="0">https://orcid.org/0000-0001-5978-3351</subfield></datafield>
<datafield tag="720" ind1="1" ind2=" ">
<subfield code="a">Almeida, Mychelle Regina Melo de</subfield>
<subfield code="u">Universidade do Estado da Bahia - UNEB</subfield><subfield code="0">https://orcid.org/0000-0002-4547-1944</subfield></datafield>
<datafield tag="720" ind1="1" ind2=" ">
<subfield code="a">Rocha, Júlio David Nascimento da</subfield>
<subfield code="u">Hospital Geral Roberto Santos - HGRS</subfield><subfield code="0">https://orcid.org/0000-0002-7415-0576</subfield></datafield>
<datafield tag="720" ind1="1" ind2=" ">
<subfield code="a"> Neves, Janmille de Sá</subfield>
<subfield code="u">Universidade do Estado da Bahia - UNEB</subfield><subfield code="0">https://orcid.org/0000-0002-2415-187X</subfield></datafield>
<datafield tag="720" ind1="1" ind2=" ">
<subfield code="a">Anjos, Jorge Luis Motta dos</subfield>
<subfield code="u">Hospital Geral Roberto Santos - HGRS</subfield><subfield code="0">https://orcid.org/0000-0003-2897-9858</subfield></datafield>
<datafield tag="720" ind1="1" ind2=" ">
<subfield code="a">Martinez, Bruno Prata</subfield>
<subfield code="u">Universidade do Estado da Bahia - UNEB</subfield><subfield code="0">https://orcid.org/0000-0002-4673-8698</subfield></datafield>
<datafield tag="520" ind1=" " ind2=" ">
<subfield code="a"> A mensuração da força muscular periférica (FMP) no ambiente hospitalar direciona a reabilitação e contribui para predição da mortalidade dos idosos. Objetivo: Avaliar a variação da força muscular ao longo da internação em idosos hospitalizados. Métodos: Trata-se de um estudo longitudinal prospectivo, com idosos estáveis das enfermarias e UTI´s de um hospital de grande porte da rede pública estadual, em Salvador-BA. Foram realizadas 3 medidas de dinamometria de preensão palmar, sendo considerado para análise o maior valor.  Outras variáveis coletadas foram a função cognitiva (MEEM) e índice de comorbidades de Charlson (ICC). Para comparação da variação da FPP entre a admissão e alta realizado o teste T de Student. Resultados: A amostra foi composta por 80 idosos com média de idade 68,1 ± 5,8 anos, majoritariamente do sexo masculino (77.5%) e com perfil cirúrgico (92,5%). Na comparação entre a FPP na admissão e alta não foram encontradas diferenças significativas (29,8±7,5 kgf; 30,0±7,8 kgf; valor de p= 0,698). Entretanto, observou-se formas distintas de variação ao longo da internação, sendo que 36,2% dos pacientes apresentaram aumento da FPP(27,8 ± 9,3 kgf para 32,3 ± 9,6 kgf), enquanto que 38,7% tiveram perda da FPP(30,9 ± 6,7 kgf para 26,8 ± 6,9 kgf) entre a admissão e a alta. Conclusão: Existem diferentes trajetórias da FMP desde admissão até a alta em idosos hospitalizados. Compreender quais são os fatores que favorecem essas variações é algo importante para o processo de reabilitação. </subfield>
</datafield>
<datafield tag="260" ind1=" " ind2=" ">
<subfield code="b">Faculdade de Medicina, Universidade de São Paulo</subfield>
</datafield>
<dataField tag="260" ind1=" " ind2=" ">
<subfield code="c">2021-06-30 00:00:00</subfield>
</dataField>   <datafield tag="856" ind1=" " ind2=" ">
<subfield code="q">application/pdf</subfield>
</datafield>
<datafield tag="856" ind1="4" ind2="0">
<subfield code="u">https://www.revistas.usp.br/actafisiatrica/article/view/183118</subfield>
</datafield>  <datafield tag="786" ind1="0" ind2=" ">
<subfield code="n">Acta Fisiátrica; v. 28 n. 2 (2021)</subfield>
</datafield>  <datafield tag="546" ind1=" " ind2=" ">
<subfield code="a">por</subfield>
</datafield>   <datafield tag="540" ind1=" " ind2=" ">
<subfield code="a">Copyright (c) 2021 Acta Fisiátrica</subfield>
</datafield>
</record>
</metadata>
</record>