
<record>
<header>
<identifier>oai:revistas.usp.br:article/183160</identifier>
<datestamp>2021-10-15T17:11:18Z</datestamp>
<setSpec>actafisiatrica:Art.+Orig.</setSpec>
<setSpec>driver</setSpec>
</header>
<metadata>
<record xmlns="http://www.loc.gov/MARC21/slim" xmlns:xsi="http://www.w3.org/2001/XMLSchema-instance" xsi:schemaLocation="http://www.loc.gov/MARC21/slim http://www.loc.gov/standards/marcxml/schema/MARC21slim.xsd">
<leader>     nmb a2200000Iu 4500</leader>
<controlfield tag="008">"210723 2021                        eng  "</controlfield>
<datafield tag="022" ind1="#" ind2="#">
<subfield code="$a">2317-0190</subfield>
</datafield>
<datafield tag="022" ind1="#" ind2="#">
<subfield code="$a">0104-7795</subfield>
</datafield>
<datafield tag="042" ind1=" " ind2=" ">
<subfield code="a">dc</subfield>
</datafield>
<datafield tag="245" ind1="0" ind2="0">
<subfield code="a">Responsividade de dois instrumentos de avaliação do equilíbrio em pacientes pós-AVE trombolisado na fase aguda</subfield>
</datafield>  <datafield tag="720" ind1="1" ind2=" ">
<subfield code="a"> Bernardes, Lemuel Victor da Silva</subfield>
<subfield code="u">Hospital Geral Roberto Santos - HGRS</subfield><subfield code="0">https://orcid.org/0000-0002-8433-9735</subfield></datafield>
<datafield tag="720" ind1="1" ind2=" ">
<subfield code="a">Maso, Iara</subfield>
<subfield code="u">Hospital Geral Roberto Santos - HGRS</subfield><subfield code="0">https://orcid.org/0000-0003-0135-1833</subfield></datafield>
<datafield tag="720" ind1="1" ind2=" ">
<subfield code="a">Santos, Marilucia Reis dos</subfield>
<subfield code="u">Hospital Geral Roberto Santos - HGRS</subfield><subfield code="0">http://lattes.cnpq.br/5479905084356467</subfield><subfield code="0">https://orcid.org/0000-0002-3220-883X</subfield></datafield>
<datafield tag="720" ind1="1" ind2=" ">
<subfield code="a">Silva, Alana das Mercês</subfield>
<subfield code="u">Hospital Geral Roberto Santos - HGRS</subfield><subfield code="0">https://orcid.org/0000-0003-4195-2385</subfield></datafield>
<datafield tag="720" ind1="1" ind2=" ">
<subfield code="a">Oliveira, Francisco Robson</subfield>
<subfield code="u">Hospital Geral Roberto Santos - HGRS</subfield><subfield code="0">https://orcid.org/0000-0003-4315-8054</subfield></datafield>
<datafield tag="720" ind1="1" ind2=" ">
<subfield code="a">Motta dos Anjos, Jorge Luís </subfield>
<subfield code="u">Hospital Geral Roberto Santos - HGRS</subfield><subfield code="0">https://orcid.org/0000-0003-2897-9858</subfield></datafield>
<datafield tag="520" ind1=" " ind2=" ">
<subfield code="a"> A Escala de Equilíbrio de Berg (EEB) e a Escala de Avaliação Postural para Pacientes com Sequelas de AVE (EAPA) são ferramentas de medida úteis e válidas na prática clínica. Objetivo: Comparar a responsividade da EEB e EAPA na avaliação do equilíbrio de indivíduos pós-AVE trombolisado na fase aguda. Métodos: Trata-se de um estudo longitudinal analítico, realizado em uma Unidade de AVC, no qual foram aplicados a EEB e a EAPA nas primeiras 24 horas e no sétimo dia de internamento ou no dia da alta. Para determinação da responsividade adotou-se o Índice de Tamanho de Efeito (TE) e a Média de Resposta Padronizada (MRP), sendo calculados efeito solo e teto de ambas as escalas. Resultados: 44 pacientes, predominantemente do sexo masculino, média de idade 60 (±13) anos e mediana NIHSS 3,5 [1-6]. Ambos os instrumentos de avaliação detectaram melhora do equilíbrio. As escalas apresentaram TE pequeno, sendo o TE da EEB igual a 0,2 e o da EAPA igual a 0,3. A MRP foi moderada para as duas escalas, sendo a MRP da EEB igual a 0,7 e da EAPA igual a 0,6. A EAPA apresentou efeito solo menor do que a EEB nas primeiras 24 horas, enquanto no sétimo dia, a EEB apresentou efeito teto menor. Conclusão: A EAPA pode ser uma melhor opção para avaliação do equilíbrio em pacientes pós-AVE nas primeiras 24 horas, à medida em que a EEB pode ser uma melhor escolha para avaliação a partir do sétimo dia nessa população específica. </subfield>
</datafield>
<datafield tag="260" ind1=" " ind2=" ">
<subfield code="b">Faculdade de Medicina, Universidade de São Paulo</subfield>
</datafield>
<dataField tag="260" ind1=" " ind2=" ">
<subfield code="c">2021-06-30 00:00:00</subfield>
</dataField>   <datafield tag="856" ind1=" " ind2=" ">
<subfield code="q">application/pdf</subfield>
</datafield>
<datafield tag="856" ind1="4" ind2="0">
<subfield code="u">https://www.revistas.usp.br/actafisiatrica/article/view/183160</subfield>
</datafield>  <datafield tag="786" ind1="0" ind2=" ">
<subfield code="n">Acta Fisiátrica; v. 28 n. 2 (2021)</subfield>
</datafield>  <datafield tag="546" ind1=" " ind2=" ">
<subfield code="a">por</subfield>
</datafield>   <datafield tag="540" ind1=" " ind2=" ">
<subfield code="a">Copyright (c) 2021 Acta Fisiátrica</subfield>
</datafield>
</record>
</metadata>
</record>