
<record>
<header>
<identifier>oai:revistas.usp.br:article/183314</identifier>
<datestamp>2022-02-01T13:27:52Z</datestamp>
<setSpec>actafisiatrica:Art.+Rev.</setSpec>
<setSpec>driver</setSpec>
</header>
<metadata>
<record xmlns="http://www.loc.gov/MARC21/slim" xmlns:xsi="http://www.w3.org/2001/XMLSchema-instance" xsi:schemaLocation="http://www.loc.gov/MARC21/slim http://www.loc.gov/standards/marcxml/schema/MARC21slim.xsd">
<leader>     nmb a2200000Iu 4500</leader>
<controlfield tag="008">"210930 2021                        eng  "</controlfield>
<datafield tag="022" ind1="#" ind2="#">
<subfield code="$a">2317-0190</subfield>
</datafield>
<datafield tag="022" ind1="#" ind2="#">
<subfield code="$a">0104-7795</subfield>
</datafield>
<datafield tag="042" ind1=" " ind2=" ">
<subfield code="a">dc</subfield>
</datafield>
<datafield tag="245" ind1="0" ind2="0">
<subfield code="a">O uso da terapia laser no tratamento da dor crônica difusa: uma revisão sistemática</subfield>
</datafield>  <datafield tag="720" ind1="1" ind2=" ">
<subfield code="a">Silva, Nicole Pantojo da</subfield>
<subfield code="u">Universidade Nove de Julho - UNINOVE</subfield><subfield code="0">https://orcid.org/0000-0003-3390-0040</subfield></datafield>
<datafield tag="720" ind1="1" ind2=" ">
<subfield code="a">Moretti, Mariana Pedrazzi</subfield>
<subfield code="u">Universidade Nove de Julho - UNINOVE</subfield></datafield>
<datafield tag="720" ind1="1" ind2=" ">
<subfield code="a">Oliveira, Igor Pereira de</subfield>
<subfield code="u">Universidade Nove de Julho - UNINOVE</subfield><subfield code="0">https://orcid.org/0000-0002-5793-2752</subfield></datafield>
<datafield tag="720" ind1="1" ind2=" ">
<subfield code="a">Aranha, Ana Lucia Batista</subfield>
<subfield code="u">Universidade Nove de Julho - UNINOVE</subfield></datafield>
<datafield tag="720" ind1="1" ind2=" ">
<subfield code="a">Beloni, Paola  Vieira</subfield>
<subfield code="u">Universidade Nove de Julho - UNINOVE</subfield></datafield>
<datafield tag="720" ind1="1" ind2=" ">
<subfield code="a">Maciel, Marcella Ferreira Bento</subfield>
<subfield code="u">Universidade Nove de Julho - UNINOVE</subfield></datafield>
<datafield tag="720" ind1="1" ind2=" ">
<subfield code="a">Cecatto, Rebeca Boltes</subfield>
<subfield code="u">Instituto do Câncer do Estado de São Paulo - ICESP</subfield><subfield code="0">https://orcid.org/0000-0001-5675-6665</subfield></datafield>
<datafield tag="520" ind1=" " ind2=" ">
<subfield code="a"> Laser therapies are noninvasive techniques with painless, safe, and low-cost therapeutic procedures for chronic pain. No systematic review has evaluated the effects of laser in the treatment of multi-site chronic pain. Objective: To evaluate the effects of laser in the treatment of generalized multi-site chronic pain. Methods: This pioneering study presents a PRISMA systematic review protocol designed to up-to-date the current literature on Laser Therapy in patients with chronic multi-site pain from all founded etiologies. This protocol was registered on the PROSPERO website before data extraction (registration no. CRD42019152345). Results: About 1391 articles met the inclusion criteria and 15 studies were selected for the data extraction. We found 12 studies in patients with fibromyalgia, 01 study about myofascial pain syndrome, 01 study about rheumatoid arthritis and 01 study about diabetic sensorimotor polyneuropathy. Homogeneity was not found in the Laser protocols, clinical conditions studied, the evaluation methods, or in the controlled groups but together studies suggested that Laser could have benefits in the treatment of pain severity, quality of life, fatigue, stiffness, depression, and anxiety compared to placebo and other therapies for fibromyalgia and for pain at Rheumatoid Arthritis and Diabetic Polyneuropathy. Conclusion: Laser therapy plus the standardized exercise or amitriptilyne provided no extra advantage in the relief of symptoms at fibromyalgia. For TMD myofascial pain no benefits were founded. Studies showed numerous different points and locations of light application but none of the selected studies used spinal stimulation as the Laser application site. </subfield>
</datafield>
<datafield tag="260" ind1=" " ind2=" ">
<subfield code="b">Faculdade de Medicina, Universidade de São Paulo</subfield>
</datafield>
<dataField tag="260" ind1=" " ind2=" ">
<subfield code="c">2021-09-30 00:00:00</subfield>
</dataField>   <datafield tag="856" ind1=" " ind2=" ">
<subfield code="q">application/pdf</subfield>
</datafield>
<datafield tag="856" ind1="4" ind2="0">
<subfield code="u">https://www.revistas.usp.br/actafisiatrica/article/view/183314</subfield>
</datafield>  <datafield tag="786" ind1="0" ind2=" ">
<subfield code="n">Acta Fisiátrica; v. 28 n. 3 (2021)</subfield>
</datafield>  <datafield tag="546" ind1=" " ind2=" ">
<subfield code="a">eng</subfield>
</datafield>   <datafield tag="540" ind1=" " ind2=" ">
<subfield code="a">Copyright (c) 2021 Acta Fisiátrica</subfield>
</datafield>
</record>
</metadata>
</record>