
<record>
<header>
<identifier>oai:revistas.usp.br:article/183523</identifier>
<datestamp>2022-02-01T13:27:52Z</datestamp>
<setSpec>actafisiatrica:Art.+Orig.</setSpec>
<setSpec>driver</setSpec>
</header>
<metadata>
<record xmlns="http://www.loc.gov/MARC21/slim" xmlns:xsi="http://www.w3.org/2001/XMLSchema-instance" xsi:schemaLocation="http://www.loc.gov/MARC21/slim http://www.loc.gov/standards/marcxml/schema/MARC21slim.xsd">
<leader>     nmb a2200000Iu 4500</leader>
<controlfield tag="008">"210930 2021                        eng  "</controlfield>
<datafield tag="022" ind1="#" ind2="#">
<subfield code="$a">2317-0190</subfield>
</datafield>
<datafield tag="022" ind1="#" ind2="#">
<subfield code="$a">0104-7795</subfield>
</datafield>
<datafield tag="042" ind1=" " ind2=" ">
<subfield code="a">dc</subfield>
</datafield>
<datafield tag="245" ind1="0" ind2="0">
<subfield code="a">Desenvolvimento de um instrumento de avaliação para o método Pilates baseado na Classificação Internacional de Funcionalidade, Incapacidade e Saúde</subfield>
</datafield>  <datafield tag="720" ind1="1" ind2=" ">
<subfield code="a">Oliveira, Andréa Costa de</subfield>
<subfield code="u">Universidade Federal de Sergipe - UFS</subfield><subfield code="0">https://orcid.org/0000-0003-3988-802X</subfield></datafield>
<datafield tag="720" ind1="1" ind2=" ">
<subfield code="a">Barbosa, Yanna Menezes</subfield>
<subfield code="u">Universidade Federal de Sergipe - UFS</subfield><subfield code="0">https://orcid.org/0000-0002-7796-3038</subfield></datafield>
<datafield tag="720" ind1="1" ind2=" ">
<subfield code="a">Carvalho, Tiago Pinheiro Vaz de</subfield>
<subfield code="u">Universidade Federal de Sergipe - UFS</subfield><subfield code="0">https://orcid.org/0000-0003-4625-7672</subfield></datafield>
<datafield tag="720" ind1="1" ind2=" ">
<subfield code="a">Alves, Maria de Carvalho Dantas</subfield>
<subfield code="u">Universidade Federal de Sergipe - UFS</subfield><subfield code="0">https://orcid.org/0000-0002-3288-4248</subfield></datafield>
<datafield tag="720" ind1="1" ind2=" ">
<subfield code="a">Farias Neto, Jader Pereira de</subfield>
<subfield code="u">Universidade Federal de Sergipe - UFS</subfield><subfield code="0">https://orcid.org/0000-0003-2781-6870</subfield></datafield>
<datafield tag="720" ind1="1" ind2=" ">
<subfield code="a">Araújo, Karina Conceição Gomes Machado de </subfield>
<subfield code="u">Universidade Federal de Sergipe - UFS</subfield><subfield code="0">http://orcid.org/0000-0003-4433-5227</subfield></datafield>
<datafield tag="520" ind1=" " ind2=" ">
<subfield code="a"> Há uma escassez em evidências científicas acerca de instrumentos de avaliação validados e padronizados aplicados ao Pilates. Diante da importância de uma análise individualizada e holística de cada paciente/cliente para melhor aplicação do método, faz-se necessário a construção de instrumentos que possuam uma abordagem biopsicossocial. Objetivo: Desenvolver um instrumento de avaliação para o Pilates, baseado na da Classificação Internacional de Funcionalidade, Incapacidade e Saúde (CIF). Métodos: A pesquisa foi realizada em quatro etapas. Levantamentos de informações sobre a avaliação no método Pilates, associação das informações com categorias da CIF, estudo Delphi, construção do instrumento. As informações foram obtidas por meio de um a scoping review e entrevistas com fisioterapeutas que trabalham com o Pilates, para construção as informações obtidas foram vinculadas com as categorias da CIF por dois pesquisadores de forma independente, em caso de discordância um terceiro julgaria a mais pertinente. Em seguida, foi realizado um estudo Delphi, para selecionar as categorias mais relevantes para compor o instrumento. Por fim, a construção do instrumento por três pesquisadores com conhecimento em Pilates e CIF. Resultados: O instrumento foi constituído por 49 categorias da CIF, distribuídas em 33 questões, sendo, 10 de funções do corpo, duas de estruturas do corpo, 16 de atividade e participação e, cinco dos fatores ambientais. Conclusão: O estudo possibilitou a construção de um instrumento que visa facilitar a compreensão do estado de saúde do paciente a partir de uma avaliação já realizada em cada serviço e, ao final será proporcionado uma linguagem comum. </subfield>
</datafield>
<datafield tag="260" ind1=" " ind2=" ">
<subfield code="b">Faculdade de Medicina, Universidade de São Paulo</subfield>
</datafield>
<dataField tag="260" ind1=" " ind2=" ">
<subfield code="c">2021-09-30 00:00:00</subfield>
</dataField>   <datafield tag="856" ind1=" " ind2=" ">
<subfield code="q">application/pdf</subfield>
</datafield>
<datafield tag="856" ind1=" " ind2=" ">
<subfield code="q">application/pdf</subfield>
</datafield>
<datafield tag="856" ind1="4" ind2="0">
<subfield code="u">https://www.revistas.usp.br/actafisiatrica/article/view/183523</subfield>
</datafield>  <datafield tag="786" ind1="0" ind2=" ">
<subfield code="n">Acta Fisiátrica; v. 28 n. 3 (2021)</subfield>
</datafield>  <datafield tag="546" ind1=" " ind2=" ">
<subfield code="a">por</subfield>
</datafield>   <datafield tag="540" ind1=" " ind2=" ">
<subfield code="a">Copyright (c) 2021 Acta Fisiátrica</subfield>
</datafield>
</record>
</metadata>
</record>