
<record>
<header>
<identifier>oai:revistas.usp.br:article/184308</identifier>
<datestamp>2021-07-23T18:11:16Z</datestamp>
<setSpec>actafisiatrica:Art.+Orig.</setSpec>
<setSpec>driver</setSpec>
</header>
<metadata>
<record xmlns="http://www.loc.gov/MARC21/slim" xmlns:xsi="http://www.w3.org/2001/XMLSchema-instance" xsi:schemaLocation="http://www.loc.gov/MARC21/slim http://www.loc.gov/standards/marcxml/schema/MARC21slim.xsd">
<leader>     nmb a2200000Iu 4500</leader>
<controlfield tag="008">"210331 2021                        eng  "</controlfield>
<datafield tag="022" ind1="#" ind2="#">
<subfield code="$a">2317-0190</subfield>
</datafield>
<datafield tag="022" ind1="#" ind2="#">
<subfield code="$a">0104-7795</subfield>
</datafield>
<datafield tag="042" ind1=" " ind2=" ">
<subfield code="a">dc</subfield>
</datafield>
<datafield tag="245" ind1="0" ind2="0">
<subfield code="a">Avaliação das atitudes frente a incapacidades na perspectiva de pessoas com deficiências físicas</subfield>
</datafield>  <datafield tag="720" ind1="1" ind2=" ">
<subfield code="a">Cabral, Flávia Canale</subfield>
<subfield code="u">Hospital das Clínicas da Faculdade de Medicina da Universidade de São Paulo, Instituto de Reabilitação de Medicina Física e Reabilitação </subfield><subfield code="0">https://orcid.org/0000-0003-1993-7576</subfield></datafield>
<datafield tag="720" ind1="1" ind2=" ">
<subfield code="a">Sugawara, Andre Tadeu</subfield>
<subfield code="u">Hospital das Clínicas da Faculdade de Medicina da Universidade de São Paulo, Instituto de Reabilitação de Medicina Física e Reabilitação                 </subfield><subfield code="0">https://orcid.org/0000-0003-2818-2101</subfield></datafield>
<datafield tag="720" ind1="1" ind2=" ">
<subfield code="a">Imamura, Marta</subfield>
<subfield code="u">Department of Legal Medicine, Medical Ethics, Social Medicine, and Occupational Medicine, University of São Paulo School of Medicine</subfield><subfield code="0">https://orcid.org/0000-0003-0355-9697</subfield></datafield>
<datafield tag="720" ind1="1" ind2=" ">
<subfield code="a">Battistella, Linamara Rizzo</subfield>
<subfield code="u">Department of Legal Medicine, Medical Ethics, Social Medicine, and Occupational Medicine, University of São Paulo School of Medicine</subfield><subfield code="0">https://orcid.org/0000-0001-5275-0733</subfield></datafield>
<datafield tag="520" ind1=" " ind2=" ">
<subfield code="a"> Objective: To quantify attitudes toward disabilities, perceived by persons with disabilities (PWDs) treated at a university hospital in Brazil, as well as to determine whether PWD-perceived attitudinal barriers correlate with various factors. Methods This was a cross-sectional, observational study of PWDs who completed the Attitudes to Disability Scale for persons with physical disabilities (ADS-D), which quantifies the perceived attitudinal barrier, the Hospital Anxiety and Depression Scale and the Functional Independence Measure (FIM). The data were correlated with sex, income, depression, FIM score, type of disability and time since the onset of disability. Results: We evaluated 68 patients - 50.0% with a spinal cord injury, 38.2% with one or more amputated limbs and 11.8% with hemiplegia - of whom 66.2% were male, with a mean age of 39.33 ± 12.89 years, a mean of 10.95 ± 4.25 years of schooling, a median time since the onset of disability of 20.5 months (range, 10.5–33.5 months) and a median FIM score of 110.5 (range, 94–116.5). Of the 68 patients, 55.9% perceived their income to be below the national average, and depression was observed in 11.76%. The mean ADS-D total score (61.29 ± 8.75) did not correlate with sex, functionality, type of disability or time since the onset of disability. The perceived magnitude of the attitudinal barrier correlated with income (β-coefficient: −3.91; p = 0.001) and depression (β = −1.74; p &lt; 0.0001). Conclusion: Attitudinal barriers are influenced by income as a facilitator of inclusion and by depression as a barrier to inclusion. </subfield>
</datafield>
<datafield tag="260" ind1=" " ind2=" ">
<subfield code="b">Faculdade de Medicina, Universidade de São Paulo</subfield>
</datafield>
<dataField tag="260" ind1=" " ind2=" ">
<subfield code="c">2021-03-31 00:00:00</subfield>
</dataField>   <datafield tag="856" ind1=" " ind2=" ">
<subfield code="q">application/pdf</subfield>
</datafield>
<datafield tag="856" ind1="4" ind2="0">
<subfield code="u">https://www.revistas.usp.br/actafisiatrica/article/view/184308</subfield>
</datafield>  <datafield tag="786" ind1="0" ind2=" ">
<subfield code="n">Acta Fisiátrica; v. 28 n. 1 (2021)</subfield>
</datafield>  <datafield tag="546" ind1=" " ind2=" ">
<subfield code="a">eng</subfield>
</datafield>   <datafield tag="540" ind1=" " ind2=" ">
<subfield code="a">Copyright (c) 2021 Acta Fisiátrica</subfield>
</datafield>
</record>
</metadata>
</record>