
<record>
<header>
<identifier>oai:revistas.usp.br:article/184547</identifier>
<datestamp>2021-10-15T17:11:18Z</datestamp>
<setSpec>actafisiatrica:Art.+Orig.</setSpec>
<setSpec>driver</setSpec>
</header>
<metadata>
<record xmlns="http://www.loc.gov/MARC21/slim" xmlns:xsi="http://www.w3.org/2001/XMLSchema-instance" xsi:schemaLocation="http://www.loc.gov/MARC21/slim http://www.loc.gov/standards/marcxml/schema/MARC21slim.xsd">
<leader>     nmb a2200000Iu 4500</leader>
<controlfield tag="008">"210630 2021                        eng  "</controlfield>
<datafield tag="022" ind1="#" ind2="#">
<subfield code="$a">2317-0190</subfield>
</datafield>
<datafield tag="022" ind1="#" ind2="#">
<subfield code="$a">0104-7795</subfield>
</datafield>
<datafield tag="042" ind1=" " ind2=" ">
<subfield code="a">dc</subfield>
</datafield>
<datafield tag="245" ind1="0" ind2="0">
<subfield code="a">Mobilidade funcional em indivíduos com doença de Parkinson: associações com alterações motoras e não motoras</subfield>
</datafield>  <datafield tag="720" ind1="1" ind2=" ">
<subfield code="a">Scalzo, Paula Luciana</subfield>
<subfield code="u">Universidade Federal de Minas Gerais – UFMG</subfield><subfield code="0">https://orcid.org/0000-0003-1383-8550</subfield></datafield>
<datafield tag="720" ind1="1" ind2=" ">
<subfield code="a">Faria-Fortini, Iza de</subfield>
<subfield code="u">Universidade Federal de Minas Gerais – UFMG </subfield><subfield code="0">http://orcid.org/0000-0002-0104-1547</subfield></datafield>
<datafield tag="720" ind1="1" ind2=" ">
<subfield code="a">Pereira, Jéssica Ramos</subfield>
<subfield code="u">Universidade Federal de Minas Gerais – UFMG </subfield><subfield code="0">https://orcid.org/0000-0001-8169-796X</subfield></datafield>
<datafield tag="720" ind1="1" ind2=" ">
<subfield code="a">Azevedo, Lílian Viana dos Santos</subfield>
<subfield code="u">Universidade Federal de Minas Gerais – UFMG</subfield><subfield code="0">https://orcid.org/0000-0002-1365-3030</subfield></datafield>
<datafield tag="720" ind1="1" ind2=" ">
<subfield code="a">Cruz, Ana Carolina de Souza</subfield>
<subfield code="u">Universidade Federal de Minas Gerais – UFMG </subfield><subfield code="0">https://orcid.org/0000-0002-9488-6230</subfield></datafield>
<datafield tag="520" ind1=" " ind2=" ">
<subfield code="a"> Functional mobility (FM) is the ability of people to move in different environments, including at home, at work, and in the community, in order to perform functional activities or tasks, independently and safely. Objective: The aim of the present study was to investigate which motor and/or non-motor symptoms (severity of the motor symptoms, depressive symptoms, and fatigue) have the greatest impact on FM assessed by Modified Parkinson Activity Scale (mPAS) in individuals with Parkinson’s disease (PD). Method: The outcome of interest was FM assessed by mPAS, which includes 14 activities covering three domains (chair transfers, gait akinesia, and bed mobility). Unified Parkinson’s Disease Rating Scale (UPDRS) Part III, Beck Depression Inventory (BDI), and Parkinson’s Disease Fatigue Scale-16 (PFS-16) were used. Results: Forty-four individuals (age: 65±11 years) with PD (PD duration: 7±4 years) were eligible to take part in this cross-sectional, exploratory study. The motor symptoms alone explained 36% (F= 17.85, p&lt;0.001) of the variance in the FM scores. When depressive symptoms were included in the model, the explained variance increased to 45% (F= 12.77, p&lt;0.001). This indicated that individuals who had lower motor and depressive symptoms were less likely to have limitations in FM. Conclusion: The findings of the present study demonstrated that motor symptoms were the best potential predictor of FM in individuals with PD, according to mPAS scores. Additionally, the presence of depressive symptoms should not be overlooked. </subfield>
</datafield>
<datafield tag="260" ind1=" " ind2=" ">
<subfield code="b">Faculdade de Medicina, Universidade de São Paulo</subfield>
</datafield>
<dataField tag="260" ind1=" " ind2=" ">
<subfield code="c">2021-06-30 00:00:00</subfield>
</dataField>   <datafield tag="856" ind1=" " ind2=" ">
<subfield code="q">application/pdf</subfield>
</datafield>
<datafield tag="856" ind1="4" ind2="0">
<subfield code="u">https://www.revistas.usp.br/actafisiatrica/article/view/184547</subfield>
</datafield>  <datafield tag="786" ind1="0" ind2=" ">
<subfield code="n">Acta Fisiátrica; v. 28 n. 2 (2021)</subfield>
</datafield>  <datafield tag="546" ind1=" " ind2=" ">
<subfield code="a">eng</subfield>
</datafield>   <datafield tag="540" ind1=" " ind2=" ">
<subfield code="a">Copyright (c) 2021 Acta Fisiátrica</subfield>
</datafield>
</record>
</metadata>
</record>