
<record>
<header>
<identifier>oai:revistas.usp.br:article/184634</identifier>
<datestamp>2021-07-23T18:11:16Z</datestamp>
<setSpec>actafisiatrica:Art.+Orig.</setSpec>
<setSpec>driver</setSpec>
</header>
<metadata>
<record xmlns="http://www.loc.gov/MARC21/slim" xmlns:xsi="http://www.w3.org/2001/XMLSchema-instance" xsi:schemaLocation="http://www.loc.gov/MARC21/slim http://www.loc.gov/standards/marcxml/schema/MARC21slim.xsd">
<leader>     nmb a2200000Iu 4500</leader>
<controlfield tag="008">"210331 2021                        eng  "</controlfield>
<datafield tag="022" ind1="#" ind2="#">
<subfield code="$a">2317-0190</subfield>
</datafield>
<datafield tag="022" ind1="#" ind2="#">
<subfield code="$a">0104-7795</subfield>
</datafield>
<datafield tag="042" ind1=" " ind2=" ">
<subfield code="a">dc</subfield>
</datafield>
<datafield tag="245" ind1="0" ind2="0">
<subfield code="a">Efeitos do treinamento físico e de dupla tarefa na ptophobia e no equilíbrio de idosos</subfield>
</datafield>  <datafield tag="720" ind1="1" ind2=" ">
<subfield code="a">Aguiar, Renan Nunes</subfield>
<subfield code="u">Universidade de Franca - UNIFRAN</subfield><subfield code="0">https://orcid.org/0000-0002-7886-949X</subfield></datafield>
<datafield tag="720" ind1="1" ind2=" ">
<subfield code="a">Barcellos, Carolina Milhim</subfield>
<subfield code="u">Universidade de Franca - UNIFRAN</subfield><subfield code="0">https://orcid.org/0000-0003-4692-0964</subfield></datafield>
<datafield tag="720" ind1="1" ind2=" ">
<subfield code="a">Rocha Júnior, Luiz Duarte de Ulhôa </subfield>
<subfield code="u">Universidade Federal de Uberlândia - UFU</subfield><subfield code="0">https://orcid.org/0000-0002-3255-007X</subfield></datafield>
<datafield tag="720" ind1="1" ind2=" ">
<subfield code="a">Oliveira, Daniel Vicentini de </subfield>
<subfield code="u">UniCesumar</subfield><subfield code="0">https://orcid.org/0000-0002-0272-9773</subfield></datafield>
<datafield tag="720" ind1="1" ind2=" ">
<subfield code="a">Nascimento, Lilian Cristina Gomes do </subfield>
<subfield code="u">Universidade de Franca - UNIFRAN</subfield><subfield code="0">https://orcid.org/0000-0001-5531-0063</subfield></datafield>
<datafield tag="520" ind1=" " ind2=" ">
<subfield code="a"> As quedas ocasionam aos idosos diversas alterações na sua função biopsicossocial, podendo ocasionar o surgimento da ptophobia e declínio do equilíbrio, sendo necessários programas preventivos que ofereçam suporte para essa população. Objetivo: Este estudo comparou o efeito de dois protocolos de treinamentos em relação ao medo de quedas e o equilíbrio de idosos. Métodos: Foram selecionados 30 idosos que se enquadravam nos critérios de inclusão e não inclusão, os mesmos foram divididos aleatoriamente em três grupos (grupo de treinamento físico, dupla tarefa e controle) e tiveram como instrumento para a coleta de dados a Escala Internacional de Eficácia de Quedas (FES-I) e a Escala de Equilíbrio de Berg (EEB). Esses dados foram analisados pela ANOVA e pelo teste t-Student. Resultados: Todos os participantes foram do sexo feminino com média de idade de 67,4±6,69. Não se evidenciou diferenças significativas entre os grupos analisados tanto nos escores da FES-I como da EEB. Em relação a comparação entre os grupos de intervenções e grupo controle foram encontradas diferenças apenas nos escores da FES-I após às intervenções, possuindo p= 0,00. Na comparação entre os grupos, a FES-I e a EEB após as intervenções obtiveram escores significativos, ambas possuindo p= 0,00 e tamanho de efeito de 11,54 e 4,54, respectivamente. Conclusão: Observou-se que nos grupos que tiveram intervenções, o medo de quedas diminuiu em relação ao grupo que não recebeu nenhuma intervenção e o equilíbrio melhorou diante ambos protocolos, demonstrando que o exercício físico associado ou não à atividade cognitiva é benéfico aos idosos. </subfield>
</datafield>
<datafield tag="260" ind1=" " ind2=" ">
<subfield code="b">Faculdade de Medicina, Universidade de São Paulo</subfield>
</datafield>
<dataField tag="260" ind1=" " ind2=" ">
<subfield code="c">2021-03-31 00:00:00</subfield>
</dataField>   <datafield tag="856" ind1=" " ind2=" ">
<subfield code="q">application/pdf</subfield>
</datafield>
<datafield tag="856" ind1=" " ind2=" ">
<subfield code="q">application/pdf</subfield>
</datafield>
<datafield tag="856" ind1="4" ind2="0">
<subfield code="u">https://www.revistas.usp.br/actafisiatrica/article/view/184634</subfield>
</datafield>  <datafield tag="786" ind1="0" ind2=" ">
<subfield code="n">Acta Fisiátrica; v. 28 n. 1 (2021)</subfield>
</datafield>  <datafield tag="546" ind1=" " ind2=" ">
<subfield code="a">por</subfield>
</datafield>   <datafield tag="540" ind1=" " ind2=" ">
<subfield code="a">Copyright (c) 2021 Acta Fisiátrica</subfield>
</datafield>
</record>
</metadata>
</record>