
<record>
<header>
<identifier>oai:revistas.usp.br:article/184746</identifier>
<datestamp>2022-04-01T15:27:54Z</datestamp>
<setSpec>actafisiatrica:Art.+Orig.</setSpec>
<setSpec>driver</setSpec>
</header>
<metadata>
<record xmlns="http://www.loc.gov/MARC21/slim" xmlns:xsi="http://www.w3.org/2001/XMLSchema-instance" xsi:schemaLocation="http://www.loc.gov/MARC21/slim http://www.loc.gov/standards/marcxml/schema/MARC21slim.xsd">
<leader>     nmb a2200000Iu 4500</leader>
<controlfield tag="008">"211231 2021                        eng  "</controlfield>
<datafield tag="022" ind1="#" ind2="#">
<subfield code="$a">2317-0190</subfield>
</datafield>
<datafield tag="022" ind1="#" ind2="#">
<subfield code="$a">0104-7795</subfield>
</datafield>
<datafield tag="042" ind1=" " ind2=" ">
<subfield code="a">dc</subfield>
</datafield>
<datafield tag="245" ind1="0" ind2="0">
<subfield code="a">Cirurgias de amputação por causas externas realizadas em hospitais públicos de Santa Catarina, Brasil </subfield>
</datafield>  <datafield tag="720" ind1="1" ind2=" ">
<subfield code="a"> Luz, Soraia Cristina Tonon da</subfield>
<subfield code="u">Universidade do Estado de Santa Catarina – UDESC</subfield><subfield code="0">https://orcid.org/0000-0003-3691-8668</subfield></datafield>
<datafield tag="720" ind1="1" ind2=" ">
<subfield code="a">Sarmento, Tuane</subfield>
<subfield code="u">Universidade do Estado de Santa Catarina – UDESC</subfield><subfield code="0">https://orcid.org/0000-0003-0092-5444</subfield></datafield>
<datafield tag="720" ind1="1" ind2=" ">
<subfield code="a">Branco, Ruy Luiz Lorenzetti</subfield>
<subfield code="u">Universidade do Estado de Santa Catarina – UDESC</subfield><subfield code="0">https://orcid.org/0000-0001-8249-5745</subfield></datafield>
<datafield tag="720" ind1="1" ind2=" ">
<subfield code="a">Siqueira Ruy, Tayla</subfield>
<subfield code="u">Universidade do Estado de Santa Catarina – UDESC</subfield><subfield code="0">https://orcid.org/0000-0001-6723-2576</subfield></datafield>
<datafield tag="720" ind1="1" ind2=" ">
<subfield code="a">Honório, Gesilani Júlia da Silva </subfield>
<subfield code="u">Universidade do Estado de Santa Catarina – UDESC</subfield><subfield code="0">https://orcid.org/0000-0001-5134-8697</subfield></datafield>
<datafield tag="720" ind1="1" ind2=" ">
<subfield code="a">Santos, Kadine Bender dos</subfield>
<subfield code="u">Universidade do Estado de Santa Catarina – UDESC</subfield><subfield code="0">https://orcid.org/0000-0001-5424-0120</subfield></datafield>
<datafield tag="520" ind1=" " ind2=" ">
<subfield code="a"> Objective: In order to characterize the profile of lower limb amputation surgeries by external cause, performed in public hospitals in the state of Santa Catarina. Method: This descriptive, epidemiological and hospital based study analyzed hospital admissionpermits (AIH) (N= 4158) in between 2008-2014. Results: There has been a prevalence of male population (79,1%), age group between 18 and 29 years (17,7%). The most incident form of amputation was by partial or complete traumatic injury with involvement of a finger. The three most affected counties were Chapecó, Criciúma and Brusque. There has been a decrease in the number of amputations mainly in the last four years. Conclusion: Despite this fact, amputations are a globally recognized public health problem. Epidemiological follow-up the AIH´s translates as an indicator to monitor and trigger improvement actions of specialized assistance to amputated patients with a view to prevention, organization of services, and training of multi professional teams. </subfield>
</datafield>
<datafield tag="260" ind1=" " ind2=" ">
<subfield code="b">Faculdade de Medicina, Universidade de São Paulo</subfield>
</datafield>
<dataField tag="260" ind1=" " ind2=" ">
<subfield code="c">2021-12-31 00:00:00</subfield>
</dataField>   <datafield tag="856" ind1=" " ind2=" ">
<subfield code="q">application/pdf</subfield>
</datafield>
<datafield tag="856" ind1="4" ind2="0">
<subfield code="u">https://www.revistas.usp.br/actafisiatrica/article/view/184746</subfield>
</datafield>  <datafield tag="786" ind1="0" ind2=" ">
<subfield code="n">Acta Fisiátrica; v. 28 n. 4 (2021)</subfield>
</datafield>  <datafield tag="546" ind1=" " ind2=" ">
<subfield code="a">eng</subfield>
</datafield>   <datafield tag="540" ind1=" " ind2=" ">
<subfield code="a">Copyright (c) 2021 Acta Fisiátrica</subfield>
</datafield>
</record>
</metadata>
</record>