
<record>
<header>
<identifier>oai:revistas.usp.br:article/184818</identifier>
<datestamp>2022-09-27T14:54:06Z</datestamp>
<setSpec>actafisiatrica:Art.+Orig.</setSpec>
<setSpec>driver</setSpec>
</header>
<metadata>
<record xmlns="http://www.loc.gov/MARC21/slim" xmlns:xsi="http://www.w3.org/2001/XMLSchema-instance" xsi:schemaLocation="http://www.loc.gov/MARC21/slim http://www.loc.gov/standards/marcxml/schema/MARC21slim.xsd">
<leader>     nmb a2200000Iu 4500</leader>
<controlfield tag="008">"220628 2022                        eng  "</controlfield>
<datafield tag="022" ind1="#" ind2="#">
<subfield code="$a">2317-0190</subfield>
</datafield>
<datafield tag="022" ind1="#" ind2="#">
<subfield code="$a">0104-7795</subfield>
</datafield>
<datafield tag="042" ind1=" " ind2=" ">
<subfield code="a">dc</subfield>
</datafield>
<datafield tag="245" ind1="0" ind2="0">
<subfield code="a">Efeitos de um protocolo de aquecimento-alongamento-resfriamento sobre a flexibilidade muscular</subfield>
</datafield>  <datafield tag="720" ind1="1" ind2=" ">
<subfield code="a">Sanchez, Hugo Machado</subfield>
<subfield code="u">Universidade Federal de Jataí</subfield></datafield>
<datafield tag="720" ind1="1" ind2=" ">
<subfield code="a"> Sousa, Cibele Cristhine Santos de</subfield>
<subfield code="u">Universidade Federal de Jataí</subfield><subfield code="0">https://orcid.org/0000-0002-2482-494X</subfield></datafield>
<datafield tag="720" ind1="1" ind2=" ">
<subfield code="a">Vieira, Naiara Souza </subfield>
<subfield code="u">Universidade de Rio Verde</subfield></datafield>
<datafield tag="720" ind1="1" ind2=" ">
<subfield code="a">Sanchez, Eliane Gouveia de Morais</subfield>
<subfield code="u">Universidade Federal de Jataí</subfield><subfield code="0">https://orcid.org/0000-0003-1291-7652</subfield></datafield>
<datafield tag="720" ind1="1" ind2=" ">
<subfield code="a">Almeida, Gustavo Gerolami de Melo</subfield>
<subfield code="u">University of Texas</subfield></datafield>
<datafield tag="520" ind1=" " ind2=" ">
<subfield code="a"> Objetivo: Investigar os efeitos da associação entre alongamento e recursos termoterapêuticos sobre o ganho de flexibilidade e amplitude de movimento. Métodos: Este ensaio clínico, controlado, não randomizado e cego teve duração de três semanas, com duas sessões semanais e incluiu 27 indivíduos do sexo feminino, as quais compuseram tanto o grupo experimental quanto o controle, de forma que um de seus membros inferiores recebeu a intervenção terapêutica dos recursos termoterapêuticos e o membro oposto foi submetido apenas ao alongamento.  A análise angular foi realizada através do software de avaliação postural Kinovera.  Resultados: Os efeitos do alongamento associado ao calor prévio e resfriamento pós intervenção se mostraram mais eficazes comparado ao grupo controle pré-intervenção (p&lt;0,000), grupo controle pós intervenção (p= 0,003) e grupo experimental pré-intervenção (p&lt;0,000). Conclusão: A aplicação de calor prévio ao alongamento, seguido pelo emprego imediato de resfriamento propicia ganhos de flexibilidade muscular e amplitude de movimento maiores que o alongamento simples. </subfield>
</datafield>
<datafield tag="260" ind1=" " ind2=" ">
<subfield code="b">Faculdade de Medicina, Universidade de São Paulo</subfield>
</datafield>
<dataField tag="260" ind1=" " ind2=" ">
<subfield code="c">2022-06-28 14:49:26</subfield>
</dataField>   <datafield tag="856" ind1=" " ind2=" ">
<subfield code="q">application/pdf</subfield>
</datafield>
<datafield tag="856" ind1="4" ind2="0">
<subfield code="u">https://www.revistas.usp.br/actafisiatrica/article/view/184818</subfield>
</datafield>  <datafield tag="786" ind1="0" ind2=" ">
<subfield code="n">Acta Fisiátrica; v. 29 n. 2 (2022)</subfield>
</datafield>  <datafield tag="546" ind1=" " ind2=" ">
<subfield code="a">por</subfield>
</datafield>   <datafield tag="540" ind1=" " ind2=" ">
<subfield code="a">Copyright (c) 2022 Acta Fisiátrica</subfield>
</datafield>
</record>
</metadata>
</record>