
<record>
<header>
<identifier>oai:revistas.usp.br:article/185059</identifier>
<datestamp>2021-10-15T17:11:18Z</datestamp>
<setSpec>actafisiatrica:Art.+Orig.</setSpec>
<setSpec>driver</setSpec>
</header>
<metadata>
<record xmlns="http://www.loc.gov/MARC21/slim" xmlns:xsi="http://www.w3.org/2001/XMLSchema-instance" xsi:schemaLocation="http://www.loc.gov/MARC21/slim http://www.loc.gov/standards/marcxml/schema/MARC21slim.xsd">
<leader>     nmb a2200000Iu 4500</leader>
<controlfield tag="008">"210630 2021                        eng  "</controlfield>
<datafield tag="022" ind1="#" ind2="#">
<subfield code="$a">2317-0190</subfield>
</datafield>
<datafield tag="022" ind1="#" ind2="#">
<subfield code="$a">0104-7795</subfield>
</datafield>
<datafield tag="042" ind1=" " ind2=" ">
<subfield code="a">dc</subfield>
</datafield>
<datafield tag="245" ind1="0" ind2="0">
<subfield code="a">A idade e o índice de massa corporal estão relacionados com os critérios de diagnóstico de sarcopenia em mulheres idosas?</subfield>
</datafield>  <datafield tag="720" ind1="1" ind2=" ">
<subfield code="a">Korn, Rafaela</subfield>
<subfield code="u">Faculdade Guilherme Guimbala - ACE</subfield><subfield code="0">https://orcid.org/0000-0002-0243-5134</subfield></datafield>
<datafield tag="720" ind1="1" ind2=" ">
<subfield code="a">Mello, Bárbara Antonacci de</subfield>
<subfield code="u">Faculdade Guilherme Guimbala - ACE</subfield><subfield code="0">https://orcid.org/0000-0001-6448-396X</subfield></datafield>
<datafield tag="720" ind1="1" ind2=" ">
<subfield code="a">Costa, Marilda Morais da </subfield>
<subfield code="u">Associação Educacional Luterana Bom Jesus - IELUSC</subfield><subfield code="0">https://orcid.org/0000-0003-3201-2447</subfield></datafield>
<datafield tag="720" ind1="1" ind2=" ">
<subfield code="a">Sali, Mauren da Silva</subfield>
<subfield code="u">Associação Educacional Luterana Bom Jesus - IELUSC</subfield><subfield code="0">https://orcid.org/0000-0003-1599-9972</subfield></datafield>
<datafield tag="720" ind1="1" ind2=" ">
<subfield code="a">Júnior, Yoshimasa Sagawa</subfield>
<subfield code="u">University of Franche-Comté</subfield><subfield code="0">https://orcid.org/0000-0002-1024-3095</subfield></datafield>
<datafield tag="720" ind1="1" ind2=" ">
<subfield code="a">Soares, Antonio Vinicius</subfield>
<subfield code="u">Universidade da Região de Joinville - UNIVILLE</subfield><subfield code="0">https://orcid.org/0000-0001-6090-1423</subfield></datafield>
<datafield tag="520" ind1=" " ind2=" ">
<subfield code="a"> O envelhecimento traz modificações na composição corporal do idoso, caracterizadas pela redução da massa muscular e densidade óssea, aumento da redistribuição de gordura corporal, e diminuição de massa corporal. Essas alterações estão associadas à falta de hábitos saudáveis, como exercício físico regular e boa alimentação, podendo levar a um provável diagnóstico de Sarcopenia. Objetivo: Observar a relação da idade e composição corporal de idosas comunitárias ativas e institucionalizadas com os critérios diagnósticos da Sarcopenia. Método: Foram selecionadas 132 idosas, com idade ≥70 anos, sem traços demenciais e/ou depressivos. Após a determinação do índice de massa corporal (IMC) foram classificadas em três grupos (n= 13 com baixo peso &lt;22 kg/m2, n= 43 eutróficas de 22 a 27 kg/m2, e n= 76 com sobrepeso &gt;27 kg/m2). Foram avaliados ainda, o índice de massa muscular total (IMMT) por equação preditiva, e a força de preensão manual (FPM) por dinamometria. Resultados: Foi observado que com o avançar da idade ocorre redução do IMC, assim como diminuição do IMMT e FPM no grupo baixo peso. Também houve uma correlação positiva muito forte entre o IMC e o IMMT no sobrepeso, mostrando que quanto maior o IMC, maior será o IMMT. Conclusão: Idade e IMC estão relacionados com os critérios diagnósticos da Sarcopenia. Assim, é de extrema importância a avaliação minuciosa da composição corporal, estado nutricional e da força muscular em idosos. </subfield>
</datafield>
<datafield tag="260" ind1=" " ind2=" ">
<subfield code="b">Faculdade de Medicina, Universidade de São Paulo</subfield>
</datafield>
<dataField tag="260" ind1=" " ind2=" ">
<subfield code="c">2021-06-30 00:00:00</subfield>
</dataField>   <datafield tag="856" ind1=" " ind2=" ">
<subfield code="q">application/pdf</subfield>
</datafield>
<datafield tag="856" ind1="4" ind2="0">
<subfield code="u">https://www.revistas.usp.br/actafisiatrica/article/view/185059</subfield>
</datafield>  <datafield tag="786" ind1="0" ind2=" ">
<subfield code="n">Acta Fisiátrica; v. 28 n. 2 (2021)</subfield>
</datafield>  <datafield tag="546" ind1=" " ind2=" ">
<subfield code="a">por</subfield>
</datafield>   <datafield tag="540" ind1=" " ind2=" ">
<subfield code="a">Copyright (c) 2021 Acta Fisiátrica</subfield>
</datafield>
</record>
</metadata>
</record>