
<record>
<header>
<identifier>oai:revistas.usp.br:article/185148</identifier>
<datestamp>2022-10-21T14:13:57Z</datestamp>
<setSpec>actafisiatrica:Res.</setSpec>
<setSpec>driver</setSpec>
</header>
<metadata>
<record xmlns="http://www.loc.gov/MARC21/slim" xmlns:xsi="http://www.w3.org/2001/XMLSchema-instance" xsi:schemaLocation="http://www.loc.gov/MARC21/slim http://www.loc.gov/standards/marcxml/schema/MARC21slim.xsd">
<leader>     nmb a2200000Iu 4500</leader>
<controlfield tag="008">"210430 2021                        eng  "</controlfield>
<datafield tag="022" ind1="#" ind2="#">
<subfield code="$a">2317-0190</subfield>
</datafield>
<datafield tag="022" ind1="#" ind2="#">
<subfield code="$a">0104-7795</subfield>
</datafield>
<datafield tag="042" ind1=" " ind2=" ">
<subfield code="a">dc</subfield>
</datafield>
<datafield tag="245" ind1="0" ind2="0">
<subfield code="a">XXVII Congresso Brasileiro de Medicina Física e Reabilitação</subfield>
</datafield>  <datafield tag="100" ind1="1" ind2=" ">
<subfield code="a">Fisiátrica, Acta</subfield>
<subfield code="u">Universidade de São Paulo. Faculdade de Medicina</subfield></datafield>
<datafield tag="520" ind1=" " ind2=" ">
<subfield code="a"> O objetivo da Associação Brasileira de Medicina Física e Reabilitação (ABMFR) é o de sempre promover eventos com responsabilidade.  Na organização do XXVII Congresso Brasileiro de Medicina Física e Reabilitação e preocupados com a possibilidade de sofrermos uma baixa no nosso público de médicos, profissionais da saúde e seu corpo de palestrantes internacionais e nacionais, entendemos que deveríamos nos organizar em um novo formato, agora virtual. Nosso evento aconteceu de 7 a 10 abril de 2021, através da plataforma virtual. A Comissão Cientifica preparou a melhor programação, contemplando os diversos aspectos da reabilitação, envolvendo profissionais nacionais e internacionais renomados e atuantes na área de Reabilitação, composta por Médicos Fisiatras e de outras especialidades afins, Fisioterapeutas, Terapeutas Ocupacionais, Psicólogos, Assistentes Sociais.   Eduardo de Melo Carvalho Rocha   Presidente Associação Brasileira de Medicina Física e Reabilitação  </subfield>
</datafield>
<datafield tag="260" ind1=" " ind2=" ">
<subfield code="b">Faculdade de Medicina, Universidade de São Paulo</subfield>
</datafield>
<dataField tag="260" ind1=" " ind2=" ">
<subfield code="c">2021-04-30 00:00:00</subfield>
</dataField>   <datafield tag="856" ind1=" " ind2=" ">
<subfield code="q">application/pdf</subfield>
</datafield>
<datafield tag="856" ind1="4" ind2="0">
<subfield code="u">https://www.revistas.usp.br/actafisiatrica/article/view/185148</subfield>
</datafield>  <datafield tag="786" ind1="0" ind2=" ">
<subfield code="n">Acta Fisiátrica; v. 28 n. Supl.1 (2021)</subfield>
</datafield>  <datafield tag="546" ind1=" " ind2=" ">
<subfield code="a">por</subfield>
</datafield>   <datafield tag="540" ind1=" " ind2=" ">
<subfield code="a">Copyright (c) 2021 Acta Fisiátrica</subfield>
</datafield>
</record>
</metadata>
</record>