
<record>
<header>
<identifier>oai:revistas.usp.br:article/185247</identifier>
<datestamp>2021-07-23T18:11:16Z</datestamp>
<setSpec>actafisiatrica:Art.+Orig.</setSpec>
<setSpec>driver</setSpec>
</header>
<metadata>
<record xmlns="http://www.loc.gov/MARC21/slim" xmlns:xsi="http://www.w3.org/2001/XMLSchema-instance" xsi:schemaLocation="http://www.loc.gov/MARC21/slim http://www.loc.gov/standards/marcxml/schema/MARC21slim.xsd">
<leader>     nmb a2200000Iu 4500</leader>
<controlfield tag="008">"210331 2021                        eng  "</controlfield>
<datafield tag="022" ind1="#" ind2="#">
<subfield code="$a">2317-0190</subfield>
</datafield>
<datafield tag="022" ind1="#" ind2="#">
<subfield code="$a">0104-7795</subfield>
</datafield>
<datafield tag="042" ind1=" " ind2=" ">
<subfield code="a">dc</subfield>
</datafield>
<datafield tag="245" ind1="0" ind2="0">
<subfield code="a">A Escala de Depressão Geriátrica pode ser utilizada para rastrear quedas em idosos comunitários?</subfield>
</datafield>  <datafield tag="720" ind1="1" ind2=" ">
<subfield code="a">Fontanela, Laís Coan</subfield>
<subfield code="u">Universidade Federal de Santa Catarina - UFSC </subfield><subfield code="0">https://orcid.org/0000-0002-9058-2758</subfield></datafield>
<datafield tag="720" ind1="1" ind2=" ">
<subfield code="a">Souza, Larissa Franciny de</subfield>
<subfield code="u">Universidade Federal de Santa Catarina - UFSC </subfield><subfield code="0">https://orcid.org/0000-0002-1194-1135</subfield></datafield>
<datafield tag="720" ind1="1" ind2=" ">
<subfield code="a">Leopoldino, Amanda Oliveira</subfield>
<subfield code="u">Faculdade Ciências Médicas de Minas Gerais - FCMMG</subfield><subfield code="0">https://orcid.org/0000-0002-3958-7107</subfield></datafield>
<datafield tag="720" ind1="1" ind2=" ">
<subfield code="a">Danielewicz, Ana Lúcia</subfield>
<subfield code="u">Universidade Federal de Santa Catarina - UFSC </subfield><subfield code="0">https://orcid.org/0000-0003-1563-0470</subfield></datafield>
<datafield tag="720" ind1="1" ind2=" ">
<subfield code="a">Avelar, Núbia Carelli Pereira de</subfield>
<subfield code="u">Universidade Federal de Santa Catarina - UFSC</subfield><subfield code="0">https://orcid.org/0000-0003-4212-4039</subfield></datafield>
<datafield tag="520" ind1=" " ind2=" ">
<subfield code="a"> Sintomas depressivos estão associados a ocorrência de quedas em idosos, portanto, torna-se importante definir pontos de corte diferenciados entre os sexos na Escala de Depressão Geriátrica Abreviada (GDS-15) que discriminem maior propensão a quedas, para identificar e implementar estratégias de reabilitação preventivas precoces. Objetivo: Determinar a acurácia da GDS-15, com valores diferenciados entre os sexos, para rastrear quedas em idosos comunitários e verificar a associação entre sintomas depressivos e quedas utilizando-se os pontos de corte propostos. Método: Estudo transversal, com amostra probabilística, incluindo 308 idosos comunitários. Considerou-se o histórico de quedas nos últimos 12 meses, classificado de forma dicotômica (sim ou não) como variável dependente e a avaliação dos sintomas depressivos através da GDS-15 como variável independente. Utilizou-se a Receiver Operating Characteristic Curve para analisar a sensibilidade e especificidade da GDS-15, e a Regressão Logística Multivariável para verificar a associação entre sintomas depressivos e quedas. Resultados: Os pontos de corte que melhor discriminaram quedas na GDS foram ≥4 pontos para mulheres [AUC:0,61 (IC95%: 0,54;0,69)] e ≥3 pontos para homens [AUC:0,65 (IC95%: 0,57;0,74)]. Em ambos os sexos, os idosos com sintomas depressivos apresentaram maiores chances de sofrer quedas em comparação aos que não tiveram os sintomas, sendo 3,05 (IC95%: 1,16;8,05) vezes maior nos homens e 2,28 (IC95%: 1,21;4,31) vezes maior nas mulheres, mesmo após o ajuste para faixa etária, multimorbidade e nível de atividade física. Conclusão: A GDS-15 pode ser utilizada para o rastreio de quedas em idosos, sendo indicado utilizar valores discriminativos diferenciados entre os sexos. </subfield>
</datafield>
<datafield tag="260" ind1=" " ind2=" ">
<subfield code="b">Faculdade de Medicina, Universidade de São Paulo</subfield>
</datafield>
<dataField tag="260" ind1=" " ind2=" ">
<subfield code="c">2021-03-31 00:00:00</subfield>
</dataField>   <datafield tag="856" ind1=" " ind2=" ">
<subfield code="q">application/pdf</subfield>
</datafield>
<datafield tag="856" ind1="4" ind2="0">
<subfield code="u">https://www.revistas.usp.br/actafisiatrica/article/view/185247</subfield>
</datafield>  <datafield tag="786" ind1="0" ind2=" ">
<subfield code="n">Acta Fisiátrica; v. 28 n. 1 (2021)</subfield>
</datafield>  <datafield tag="546" ind1=" " ind2=" ">
<subfield code="a">por</subfield>
</datafield>   <datafield tag="540" ind1=" " ind2=" ">
<subfield code="a">Copyright (c) 2021 Acta Fisiátrica</subfield>
</datafield>
</record>
</metadata>
</record>