
<record>
<header>
<identifier>oai:revistas.usp.br:article/185349</identifier>
<datestamp>2022-10-21T14:35:53Z</datestamp>
<setSpec>actafisiatrica:Res.</setSpec>
<setSpec>driver</setSpec>
</header>
<metadata>
<record xmlns="http://www.loc.gov/MARC21/slim" xmlns:xsi="http://www.w3.org/2001/XMLSchema-instance" xsi:schemaLocation="http://www.loc.gov/MARC21/slim http://www.loc.gov/standards/marcxml/schema/MARC21slim.xsd">
<leader>     nmb a2200000Iu 4500</leader>
<controlfield tag="008">"180902 2018                        eng  "</controlfield>
<datafield tag="022" ind1="#" ind2="#">
<subfield code="$a">2317-0190</subfield>
</datafield>
<datafield tag="022" ind1="#" ind2="#">
<subfield code="$a">0104-7795</subfield>
</datafield>
<datafield tag="042" ind1=" " ind2=" ">
<subfield code="a">dc</subfield>
</datafield>
<datafield tag="245" ind1="0" ind2="0">
<subfield code="a">XXVI Congresso Brasileiro de Medicina Física e Reabilitação</subfield>
</datafield>  <datafield tag="520" ind1=" " ind2=" ">
<subfield code="a"> O objetivo da Associação Brasileira de Medicina Física e Reabilitação (ABMFR) é o de sempre promover eventos com responsabilidade. O XXVI Congresso Brasileiro de Medicina Física e Reabilitação aconteceu de 29 de Agosto a 1 de Setembro de 2018, em Salvador/BA. </subfield>
</datafield>
<datafield tag="260" ind1=" " ind2=" ">
<subfield code="b">Faculdade de Medicina, Universidade de São Paulo</subfield>
</datafield>
<dataField tag="260" ind1=" " ind2=" ">
<subfield code="c">2018-09-02 00:00:00</subfield>
</dataField>   <datafield tag="856" ind1=" " ind2=" ">
<subfield code="q">application/pdf</subfield>
</datafield>
<datafield tag="856" ind1="4" ind2="0">
<subfield code="u">https://www.revistas.usp.br/actafisiatrica/article/view/185349</subfield>
</datafield>  <datafield tag="786" ind1="0" ind2=" ">
<subfield code="n">Acta Fisiátrica; v. 25 n. Supl.1 (2018)</subfield>
</datafield>  <datafield tag="546" ind1=" " ind2=" ">
<subfield code="a">por</subfield>
</datafield>   <datafield tag="540" ind1=" " ind2=" ">
<subfield code="a">Copyright (c) 2018 Acta Fisiátrica</subfield>
</datafield>
</record>
</metadata>
</record>