
<record>
<header>
<identifier>oai:revistas.usp.br:article/185715</identifier>
<datestamp>2022-06-28T17:50:22Z</datestamp>
<setSpec>actafisiatrica:Art.+Orig.</setSpec>
<setSpec>driver</setSpec>
</header>
<metadata>
<record xmlns="http://www.loc.gov/MARC21/slim" xmlns:xsi="http://www.w3.org/2001/XMLSchema-instance" xsi:schemaLocation="http://www.loc.gov/MARC21/slim http://www.loc.gov/standards/marcxml/schema/MARC21slim.xsd">
<leader>     nmb a2200000Iu 4500</leader>
<controlfield tag="008">"220331 2022                        eng  "</controlfield>
<datafield tag="022" ind1="#" ind2="#">
<subfield code="$a">2317-0190</subfield>
</datafield>
<datafield tag="022" ind1="#" ind2="#">
<subfield code="$a">0104-7795</subfield>
</datafield>
<datafield tag="042" ind1=" " ind2=" ">
<subfield code="a">dc</subfield>
</datafield>
<datafield tag="245" ind1="0" ind2="0">
<subfield code="a">Tradução e adaptação cultural da ferramenta de avaliação de riscos ergonômicos de membros superiores – Hand Arm Risk Assessment Method – HARM-BR</subfield>
</datafield>  <datafield tag="720" ind1="1" ind2=" ">
<subfield code="a">Mauad, Leonardo Dutra de Salvo</subfield>
<subfield code="u">Universidade de São Paulo. Faculdade de Medicina de Ribeirão Preto</subfield></datafield>
<datafield tag="720" ind1="1" ind2=" ">
<subfield code="a">Sartori, Natália</subfield>
<subfield code="u">Universidade de São Paulo. Faculdade de Medicina de Ribeirão Preto</subfield></datafield>
<datafield tag="720" ind1="1" ind2=" ">
<subfield code="a">Ferreira, Karime Saba</subfield>
<subfield code="u">Universidade de São Paulo. Faculdade de Medicina de Ribeirão Preto</subfield></datafield>
<datafield tag="720" ind1="1" ind2=" ">
<subfield code="a">Lopes, Ester Rodrigues do Carmo</subfield>
<subfield code="u">Universidade de São Paulo. Faculdade de Medicina de Ribeirão Preto</subfield></datafield>
<datafield tag="720" ind1="1" ind2=" ">
<subfield code="a">Suzuki, Karen Ayumi Kawano</subfield>
<subfield code="u">Universidade de São Paulo. Faculdade de Medicina de Ribeirão Preto</subfield></datafield>
<datafield tag="720" ind1="1" ind2=" ">
<subfield code="a">Silva, Natália Claro da</subfield>
<subfield code="u">Universidade de São Paulo. Faculdade de Medicina de Ribeirão Preto</subfield></datafield>
<datafield tag="720" ind1="1" ind2=" ">
<subfield code="a">Castro, Vinícius Restani de</subfield>
<subfield code="u">Universidade de São Paulo. Faculdade de Medicina de Ribeirão Preto</subfield></datafield>
<datafield tag="720" ind1="1" ind2=" ">
<subfield code="a">Fonseca, Marisa de Cássia Registro</subfield>
<subfield code="u">Universidade de São Paulo. Faculdade de Medicina de Ribeirão Preto</subfield></datafield>
<datafield tag="520" ind1=" " ind2=" ">
<subfield code="a"> Lesões musculoesqueléticas nos membros superiores estão intimamente ligadas a limitações funcionais e incapacidades. Estas lesões podem estar relacionadas ao trabalho e são conhecidas como Lesões por Esforços Repetitivos (LER) ou Distúrbios Osteomusculares Relacionados ao Trabalho (DORT). A avaliação ergonômica visa detectar os fatores de riscos para o desenvolvimento das LER/DORT e assim, intervenções e/ou ações  preventivas possam ser implementadas. Para isso, são necessárias ferramentas observacionais de avaliação traduzidas e validadas para que resultados fidedignos sejam alcançados. O questionário HARM 2.0 é uma ferramenta de avaliação específica que indica se há risco de lesão em diversas tarefas que utilizam majoritariamente os membros superiores durante sua jornada de trabalho. Objetivo: Conduzir a tradução e adaptação transcultural do questionário HARM 2.0 para ser usado para avaliação e prevenção de riscos de lesões relacionadas ao trabalho. Métodos: A tradução e adaptação transcultural seguiu um protocolo composto por quatro estágios: tradução, síntese, retrotradução, revisão pelo comitê de especialistas e aprovação do conteúdo pelas autoras da versão original. Resultados: O estágio inicial (Estágio I) de tradução do questionário HARM 2.0 transcorreu sem intercorrências. Com relação ao grau de dificuldade, o tradutor expert referiu facilidade ao traduzir os itens e instruções do instrumento, enquanto a tradutora leiga considerou a dificuldade como moderada. Conclusão: O instrumento HARM-BR 2.0 apresentou resultados satisfatórios no processo de tradução e adaptação transcultural, estando sua versão disponível para uso. Futuros estudos são necessários para analisar as suas propriedades de medidas para a população brasileira de trabalhadores. </subfield>
</datafield>
<datafield tag="260" ind1=" " ind2=" ">
<subfield code="b">Faculdade de Medicina, Universidade de São Paulo</subfield>
</datafield>
<dataField tag="260" ind1=" " ind2=" ">
<subfield code="c">2022-03-31 00:00:00</subfield>
</dataField>   <datafield tag="856" ind1=" " ind2=" ">
<subfield code="q">application/pdf</subfield>
</datafield>
<datafield tag="856" ind1=" " ind2=" ">
<subfield code="q">application/pdf</subfield>
</datafield>
<datafield tag="856" ind1="4" ind2="0">
<subfield code="u">https://www.revistas.usp.br/actafisiatrica/article/view/185715</subfield>
</datafield>  <datafield tag="786" ind1="0" ind2=" ">
<subfield code="n">Acta Fisiátrica; v. 29 n. 1 (2022)</subfield>
</datafield>  <datafield tag="546" ind1=" " ind2=" ">
<subfield code="a">por</subfield>
</datafield>   <datafield tag="540" ind1=" " ind2=" ">
<subfield code="a">Copyright (c) 2022 Acta Fisiátrica</subfield>
</datafield>
</record>
</metadata>
</record>