
<record>
<header>
<identifier>oai:revistas.usp.br:article/185748</identifier>
<datestamp>2022-06-28T17:50:22Z</datestamp>
<setSpec>actafisiatrica:Art.+Orig.</setSpec>
<setSpec>driver</setSpec>
</header>
<metadata>
<record xmlns="http://www.loc.gov/MARC21/slim" xmlns:xsi="http://www.w3.org/2001/XMLSchema-instance" xsi:schemaLocation="http://www.loc.gov/MARC21/slim http://www.loc.gov/standards/marcxml/schema/MARC21slim.xsd">
<leader>     nmb a2200000Iu 4500</leader>
<controlfield tag="008">"220331 2022                        eng  "</controlfield>
<datafield tag="022" ind1="#" ind2="#">
<subfield code="$a">2317-0190</subfield>
</datafield>
<datafield tag="022" ind1="#" ind2="#">
<subfield code="$a">0104-7795</subfield>
</datafield>
<datafield tag="042" ind1=" " ind2=" ">
<subfield code="a">dc</subfield>
</datafield>
<datafield tag="245" ind1="0" ind2="0">
<subfield code="a">Correlação entre risco de quedas, vulnerabilidade e composição corporal de idosos de um centro de atenção integral a saúde do idoso</subfield>
</datafield>  <datafield tag="720" ind1="1" ind2=" ">
<subfield code="a">Ferreira, Miguel Jânio Costa</subfield>
<subfield code="u">Universidade Ceuma</subfield></datafield>
<datafield tag="720" ind1="1" ind2=" ">
<subfield code="a">Carneiro, Andréa Santana</subfield>
<subfield code="u">Universidade Ceuma </subfield></datafield>
<datafield tag="720" ind1="1" ind2=" ">
<subfield code="a">Santos, Alisson Sousa </subfield>
<subfield code="u">Universidade Ceuma</subfield></datafield>
<datafield tag="720" ind1="1" ind2=" ">
<subfield code="a">Ibiapina, Elaine Farias</subfield>
<subfield code="u">Universidade Ceuma</subfield></datafield>
<datafield tag="720" ind1="1" ind2=" ">
<subfield code="a">Simeão, Lisiane Fernanda </subfield>
<subfield code="u">Universidade Ceuma </subfield></datafield>
<datafield tag="720" ind1="1" ind2=" ">
<subfield code="a">Dibai Filho, Almir Vieira </subfield>
<subfield code="u">Universidade Federal do Maranhão</subfield></datafield>
<datafield tag="720" ind1="1" ind2=" ">
<subfield code="a">Dibai , Daniela Bassi </subfield>
<subfield code="u">Universidade Ceuma</subfield></datafield>
<datafield tag="720" ind1="1" ind2=" ">
<subfield code="a">Gonçalves, Maria Claudia</subfield>
<subfield code="u">Universidade Ceuma </subfield></datafield>
<datafield tag="520" ind1=" " ind2=" ">
<subfield code="a"> Objetivo: Investigar a correlação do risco de queda com a diminuição da mobilidade funcional, vulnerabilidade e a obesidade em idosos. Método: Estudo transversal, foram avaliados idosos ativos de ambos os sexos, idade entre 60-85 anos e excluídos voluntários que não realizaram os testes avaliativos propostos para identificar a mobilidade funcional e o estado nutricional. Foram aplicados os testes Índice de Massa Corporal (IMC) que classificou o estado nutricional desnutrição IMC ≤ 22, risco nutricional IMC= 22.1-24.0, peso ideal IMC= 24.1-27.0, sobrepeso IMC 27.1-30 e obesidade com IMC &gt; 30.0, o Timed Up &amp; Go (TUG) para identificar a mobilidade funcional e os riscos funcionais relacionados a quedas em idosos e a classificação adotada para este estudo foi ≥ 10s sendo indicadores de risco de quedas e o Vulnerable Elders Survey (VES-13) que classificou como idoso vulnerável os voluntários com a pontuação &gt; 2 pontos. A análise estatística foi realizada em 95% nível de confiança e p&lt;0,05. Resultados: Participaram 104 idosos, classificados com ausência de risco para quedas (67.3%), não vulneráveis (67.3%) e como obesos (24%). Não foi observada correlação entre obesos com o risco de quedas no tempo em segundos do TUG [ρ= -0.115; p&gt;0.05] e com a classificação do TUG [ρ= -0.152; p&gt;0.05]. Porém, foi observada correlação entre a vulnerabilidade com o risco de quedas no tempo em segundos do TUG [ρ= 0.217; p&lt;0.05]. Conclusão: Não foi observada correlação entre obesidade e risco para quedas. Contudo, verificou-se que quando mais vulnerável maior é o risco para quedas. </subfield>
</datafield>
<datafield tag="260" ind1=" " ind2=" ">
<subfield code="b">Faculdade de Medicina, Universidade de São Paulo</subfield>
</datafield>
<dataField tag="260" ind1=" " ind2=" ">
<subfield code="c">2022-03-31 00:00:00</subfield>
</dataField>   <datafield tag="856" ind1=" " ind2=" ">
<subfield code="q">application/pdf</subfield>
</datafield>
<datafield tag="856" ind1=" " ind2=" ">
<subfield code="q">application/pdf</subfield>
</datafield>
<datafield tag="856" ind1="4" ind2="0">
<subfield code="u">https://www.revistas.usp.br/actafisiatrica/article/view/185748</subfield>
</datafield>  <datafield tag="786" ind1="0" ind2=" ">
<subfield code="n">Acta Fisiátrica; v. 29 n. 1 (2022)</subfield>
</datafield>  <datafield tag="546" ind1=" " ind2=" ">
<subfield code="a">por</subfield>
</datafield>   <datafield tag="540" ind1=" " ind2=" ">
<subfield code="a">Copyright (c) 2022 Acta Fisiátrica</subfield>
</datafield>
</record>
</metadata>
</record>