
<record>
<header>
<identifier>oai:revistas.usp.br:article/185905</identifier>
<datestamp>2022-02-01T13:27:52Z</datestamp>
<setSpec>actafisiatrica:Art.+Orig.</setSpec>
<setSpec>driver</setSpec>
</header>
<metadata>
<record xmlns="http://www.loc.gov/MARC21/slim" xmlns:xsi="http://www.w3.org/2001/XMLSchema-instance" xsi:schemaLocation="http://www.loc.gov/MARC21/slim http://www.loc.gov/standards/marcxml/schema/MARC21slim.xsd">
<leader>     nmb a2200000Iu 4500</leader>
<controlfield tag="008">"210930 2021                        eng  "</controlfield>
<datafield tag="022" ind1="#" ind2="#">
<subfield code="$a">2317-0190</subfield>
</datafield>
<datafield tag="022" ind1="#" ind2="#">
<subfield code="$a">0104-7795</subfield>
</datafield>
<datafield tag="042" ind1=" " ind2=" ">
<subfield code="a">dc</subfield>
</datafield>
<datafield tag="245" ind1="0" ind2="0">
<subfield code="a">Desempenho físico e força de preensão manual como preditores de qualidade de vida de idosos</subfield>
</datafield>  <datafield tag="720" ind1="1" ind2=" ">
<subfield code="a">Souza, Lara Andrade</subfield>
<subfield code="u">Universidade Federal do Triângulo Mineiro - UFTM</subfield><subfield code="0">https://orcid.org/0000-0003-4235-1215</subfield></datafield>
<datafield tag="720" ind1="1" ind2=" ">
<subfield code="a">Tavares, Darlene Mara dos Santos </subfield>
<subfield code="u">Universidade Federal do Triângulo Mineiro - UFTM</subfield><subfield code="0">https://orcid.org/0000-0001-9565-0476</subfield></datafield>
<datafield tag="520" ind1=" " ind2=" ">
<subfield code="a"> Objetivo: Verificar a influência do desempenho físico e da força de preensão manual na qualidade de vida de idosos. Método: Pesquisa quantitativa, longitudinal, do tipo inquérito domiciliar conduzida com 322 idosos residentes no interior de Minas Gerais. Os dados foram coletados em 2014 e 2017/2018 por meio dos instrumentos: Mini Exame do Estado Mental; questionários com dados sociodemográficos/econômico e clínico; Short Physical Performance Battery, dinamometria, World Health Organization Quality of Life-Bref e World Health Organization Quality of Life-Olders. Procedeu-se a análise descritiva, bivariada e regressão linear múltipla (p≤0,05). Resultados: Entre as duas coletas houve alteração do maior percentual do estado conjugal, com esposo(a) ou companheiro(a) na baseline para viúvos(as) no follow-up, além do aumento percentual de 5 ou mais morbidades. O menor desempenho físico foi preditor de piores escores de qualidade de vida nos domínios: físico (p&lt;0,001) e relações sociais (p= 0,012); e nas facetas: autonomia (p= 0,001); atividades passadas, presentes e futuras (p= 0,005) e participação social (p&lt;0,001). A menor força de preensão manual foi preditora de menor escore de qualidade de vida no domínio físico (p= 0,009). Conclusão: O menor desempenho físico e a menor força de preensão manual associaram-se com pior escore de qualidade de vida entre idosos da comunidade. </subfield>
</datafield>
<datafield tag="260" ind1=" " ind2=" ">
<subfield code="b">Faculdade de Medicina, Universidade de São Paulo</subfield>
</datafield>
<dataField tag="260" ind1=" " ind2=" ">
<subfield code="c">2021-09-30 00:00:00</subfield>
</dataField>   <datafield tag="856" ind1=" " ind2=" ">
<subfield code="q">application/pdf</subfield>
</datafield>
<datafield tag="856" ind1="4" ind2="0">
<subfield code="u">https://www.revistas.usp.br/actafisiatrica/article/view/185905</subfield>
</datafield>  <datafield tag="786" ind1="0" ind2=" ">
<subfield code="n">Acta Fisiátrica; v. 28 n. 3 (2021)</subfield>
</datafield>  <datafield tag="546" ind1=" " ind2=" ">
<subfield code="a">por</subfield>
</datafield>   <datafield tag="540" ind1=" " ind2=" ">
<subfield code="a">Copyright (c) 2021 Acta Fisiátrica</subfield>
</datafield>
</record>
</metadata>
</record>