
<record>
<header>
<identifier>oai:revistas.usp.br:article/185921</identifier>
<datestamp>2021-10-15T17:11:18Z</datestamp>
<setSpec>actafisiatrica:Art.+Orig.</setSpec>
<setSpec>driver</setSpec>
</header>
<metadata>
<record xmlns="http://www.loc.gov/MARC21/slim" xmlns:xsi="http://www.w3.org/2001/XMLSchema-instance" xsi:schemaLocation="http://www.loc.gov/MARC21/slim http://www.loc.gov/standards/marcxml/schema/MARC21slim.xsd">
<leader>     nmb a2200000Iu 4500</leader>
<controlfield tag="008">"210630 2021                        eng  "</controlfield>
<datafield tag="022" ind1="#" ind2="#">
<subfield code="$a">2317-0190</subfield>
</datafield>
<datafield tag="022" ind1="#" ind2="#">
<subfield code="$a">0104-7795</subfield>
</datafield>
<datafield tag="042" ind1=" " ind2=" ">
<subfield code="a">dc</subfield>
</datafield>
<datafield tag="245" ind1="0" ind2="0">
<subfield code="a">Relação entre força de preensão manual, força muscular periférica e resistência muscular respiratória em mulheres com fibromialgia: um estudo transversal</subfield>
</datafield>  <datafield tag="720" ind1="1" ind2=" ">
<subfield code="a">Melian, Natasha Teixeira da Cunha</subfield>
<subfield code="u">Universidade do Estado de Santa Catarina - UDESC</subfield></datafield>
<datafield tag="720" ind1="1" ind2=" ">
<subfield code="a">Branco, Joaquim Henrique Lorenzetti</subfield>
<subfield code="u">Universidade do Estado de Santa Catarina - UDESC</subfield><subfield code="0">https://orcid.org/0000-0002-8397-7161</subfield></datafield>
<datafield tag="720" ind1="1" ind2=" ">
<subfield code="a">Torres, Guilherme</subfield>
<subfield code="u">Universidade do Estado de Santa Catarina - UDESC</subfield><subfield code="0">https://orcid.org/0000-0002-0879-6723</subfield></datafield>
<datafield tag="720" ind1="1" ind2=" ">
<subfield code="a">Andrade, Alexandro</subfield>
<subfield code="u">Universidade do Estado de Santa Catarina - UDESC</subfield><subfield code="0">https://orcid.org/0000-0002-6640-9314</subfield></datafield>
<datafield tag="720" ind1="1" ind2=" ">
<subfield code="a">Matte, Darlan Laurício</subfield>
<subfield code="u">Universidade do Estado de Santa Catarina - UDESC</subfield><subfield code="0">https://orcid.org/0000-0003-4650-3714</subfield></datafield>
<datafield tag="520" ind1=" " ind2=" ">
<subfield code="a"> Fibromyalgia (FM) is a disease characterized by generalized and chronic musculoskeletal pain. It is common, the presence of other symptoms such as fatigue, depression, sleep disorders, leading patients to adopt a sedentary lifestyle. Objective: Verify the muscular and respiratory strength of women with FM. Method: Is a cross-sectional study that evaluated 41 women with clinical diagnosis of FM. We analyzed handgrip strength (HS), the strength of the lower limbs, and respiratory muscle endurance using the spirometric maneuver. Results: Patients with FM had a significant reduction in HS, both in the dominant and non-dominant upper limb. Furthermore, peripheral muscle strength in the lower limbs was reduced because on average, participants exceeded the normative five-repetition sit-to-stand test times stipulated for the age groups. Approximately two-thirds of the sample had maximal voluntary ventilation values below the lower limit of normality. We detected inverse and moderate correlation between peripheral muscle strength and HS of non-dominant upper limb (r= −0.472; p= 0.002) and inverse and weak correlation with the HS of dominant upper limb (r= −0.374; p= 0.016); weak correlations between respiratory muscle endurance and HS of dominant upper limb (r= 0.299; p= 0.058), HS of non-dominant upper limb (r= −0.317; p= 0.043), and peripheral muscle strength (r= −0.372, p= 0.017); and strong correlation between HS of dominant upper limb and non-dominant upper limb (r= 0.899; p&lt;0.001). Conclusion: Women with FM present with reduced muscle strength in the upper and lower limbs, as well as lower respiratory muscle resistance. </subfield>
</datafield>
<datafield tag="260" ind1=" " ind2=" ">
<subfield code="b">Faculdade de Medicina, Universidade de São Paulo</subfield>
</datafield>
<dataField tag="260" ind1=" " ind2=" ">
<subfield code="c">2021-06-30 00:00:00</subfield>
</dataField>   <datafield tag="856" ind1=" " ind2=" ">
<subfield code="q">application/pdf</subfield>
</datafield>
<datafield tag="856" ind1="4" ind2="0">
<subfield code="u">https://www.revistas.usp.br/actafisiatrica/article/view/185921</subfield>
</datafield>  <datafield tag="786" ind1="0" ind2=" ">
<subfield code="n">Acta Fisiátrica; v. 28 n. 2 (2021)</subfield>
</datafield>  <datafield tag="546" ind1=" " ind2=" ">
<subfield code="a">eng</subfield>
</datafield>   <datafield tag="540" ind1=" " ind2=" ">
<subfield code="a">Copyright (c) 2021 Acta Fisiátrica</subfield>
</datafield>
</record>
</metadata>
</record>