
<record>
<header>
<identifier>oai:revistas.usp.br:article/186736</identifier>
<datestamp>2022-06-28T17:50:22Z</datestamp>
<setSpec>actafisiatrica:Art.+Orig.</setSpec>
<setSpec>driver</setSpec>
</header>
<metadata>
<record xmlns="http://www.loc.gov/MARC21/slim" xmlns:xsi="http://www.w3.org/2001/XMLSchema-instance" xsi:schemaLocation="http://www.loc.gov/MARC21/slim http://www.loc.gov/standards/marcxml/schema/MARC21slim.xsd">
<leader>     nmb a2200000Iu 4500</leader>
<controlfield tag="008">"220331 2022                        eng  "</controlfield>
<datafield tag="022" ind1="#" ind2="#">
<subfield code="$a">2317-0190</subfield>
</datafield>
<datafield tag="022" ind1="#" ind2="#">
<subfield code="$a">0104-7795</subfield>
</datafield>
<datafield tag="042" ind1=" " ind2=" ">
<subfield code="a">dc</subfield>
</datafield>
<datafield tag="245" ind1="0" ind2="0">
<subfield code="a">Comparação de diferentes frequências da estimulação diafragmática elétrica transcutânea em indivíduos saudáveis: ensaio clínico randomizado cruzado</subfield>
</datafield>  <datafield tag="720" ind1="1" ind2=" ">
<subfield code="a">Figueiredo, Renata Italiano da Nóbrega</subfield>
<subfield code="u">Universidade Federal do Rio Grande do Sul</subfield></datafield>
<datafield tag="720" ind1="1" ind2=" ">
<subfield code="a">Plentz, Rodrigo Della Méa </subfield>
<subfield code="u">Universidade Federal de Ciências da Saúde de Porto Alegre</subfield></datafield>
<datafield tag="720" ind1="1" ind2=" ">
<subfield code="a">Lanferdini, Fabio Juner</subfield>
<subfield code="u">Universidade Federal de Santa Catarina</subfield></datafield>
<datafield tag="720" ind1="1" ind2=" ">
<subfield code="a">Vaz, Marco Aurélio </subfield>
<subfield code="u">Universidade Federal do Rio Grande do Sul </subfield></datafield>
<datafield tag="720" ind1="1" ind2=" ">
<subfield code="a">Sbruzzi, Graciele</subfield>
<subfield code="u">Universidade Federal do Rio Grande do Sul</subfield></datafield>
<datafield tag="520" ind1=" " ind2=" ">
<subfield code="a"> A maioria dos estudos utilizam a estimulação diafragmática elétrica transcutânea (EDET) com frequência (F) de estímulo de 30Hz e testar diferentes frequências torna-se necessário para uma aplicação otimizada. Objetivo: Foi comparar o efeito agudo de duas frequências diferentes da EDET sobre a força muscular respiratória e endurance, ativação diafragmática, espessura muscular e mobilidade diafragmática, variáveis cardiovasculares e segurança em indivíduos saudáveis. Métodos: Estudo randomizado cruzado com 20 indivíduos saudáveis submetidos a duas intervenções: Grupo I com F= 30Hz e Grupo II com F= 80Hz. A aplicação foi nos pontos motores do diafragma, com duração do pulso de 500µs, durante 30 minutos. Foram avaliados a pressão arterial sistólica (PAS) e diastólica (PAD), frequência cardíaca (FC), força muscular respiratória pela pressão inspiratória máxima (PImax), pressão expiratória máxima (PEmax), endurance e espessura muscular em inspiração (EDI) e expiração (EDE), mobilidade e ativação diafragmática. Resultados: O GI apresentou redução significativa em comparação às condições basais para os desfechos de PAS (p= 0.04), FC (p&lt;0.001), EDI (p= 0,02), PIF (p= 0.01), e S-Index (p= 0.03). O GII apresentou redução significativa em comparação às condições basais para FC (p&lt;0.001) e aumento da PEmax (p&lt;0.001). Porém, estas alterações não foram clinicamente importantes e não houve diferença entre os grupos para nenhum desfecho avaliado. Nenhuma intercorrência foi observada. Conclusão: A EDET com F-80Hz produz efeitos semelhantes a F-30Hz em indivíduos saudáveis e ambas as frequências provaram ser seguras (NCT03844711). </subfield>
</datafield>
<datafield tag="260" ind1=" " ind2=" ">
<subfield code="b">Faculdade de Medicina, Universidade de São Paulo</subfield>
</datafield>
<dataField tag="260" ind1=" " ind2=" ">
<subfield code="c">2022-03-31 00:00:00</subfield>
</dataField>   <datafield tag="856" ind1=" " ind2=" ">
<subfield code="q">application/pdf</subfield>
</datafield>
<datafield tag="856" ind1="4" ind2="0">
<subfield code="u">https://www.revistas.usp.br/actafisiatrica/article/view/186736</subfield>
</datafield>  <datafield tag="786" ind1="0" ind2=" ">
<subfield code="n">Acta Fisiátrica; v. 29 n. 1 (2022)</subfield>
</datafield>  <datafield tag="546" ind1=" " ind2=" ">
<subfield code="a">por</subfield>
</datafield>   <datafield tag="540" ind1=" " ind2=" ">
<subfield code="a">Copyright (c) 2022 Acta Fisiátrica</subfield>
</datafield>
</record>
</metadata>
</record>
<resumptionToken expirationDate="2023-08-08T14:50:34Z" completeListSize="935" cursor="800">e4e4f788d9122ed1cc8142961659ba4a</resumptionToken>
</ListRecords>
</OAI-PMH> 